[{"date":1420072405,"price":897.03745000,"amount":0.00900000,"tid":105770, "type":"buy"},{"date":1420072439,"price":896.96543000,"amount":0.48800000,"tid":105771, "type":"buy"},{"date":1420075205,"price":890.14022000,"amount":0.18807586,"tid":105772, "type":"buy"},{"date":1420075206,"price":890.22407000,"amount":0.16885192,"tid":105773, "type":"buy"},{"date":1420075206,"price":890.22408000,"amount":0.41479222,"tid":105774, "type":"sell"},{"date":1420076200,"price":904.40040000,"amount":0.35692495,"tid":105775, "type":"buy"},{"date":1420076200,"price":904.40041000,"amount":0.14105690,"tid":105776, "type":"buy"},{"date":1420076200,"price":904.40784000,"amount":0.60201815,"tid":105777, "type":"buy"},{"date":1420076240,"price":904.33241000,"amount":0.10579267,"tid":105778, "type":"buy"},{"date":1420076240,"price":904.40783000,"amount":0.50000000,"tid":105779, "type":"buy"},{"date":1420076245,"price":905.00000000,"amount":0.39420733,"tid":105780, "type":"sell"},{"date":1420076305,"price":904.31573000,"amount":0.07934450,"tid":105781, "type":"buy"},{"date":1420076305,"price":904.32234000,"amount":0.50000000,"tid":105782, "type":"buy"},{"date":1420076329,"price":905.00001000,"amount":0.50000000,"tid":105783, "type":"sell"},{"date":1420076629,"price":906.60280000,"amount":0.05950838,"tid":105784, "type":"buy"},{"date":1420076629,"price":906.64701000,"amount":0.70000000,"tid":105785, "type":"buy"},{"date":1420076629,"price":906.75893000,"amount":0.01000000,"tid":105786, "type":"buy"},{"date":1420076637,"price":907.00002000,"amount":1.00000000,"tid":105787, "type":"sell"},{"date":1420080959,"price":900.00000000,"amount":0.00900000,"tid":105788, "type":"sell"},{"date":1420085774,"price":894.69260000,"amount":0.33411522,"tid":105789, "type":"sell"},{"date":1420085774,"price":894.63543000,"amount":0.70000000,"tid":105790, "type":"sell"},{"date":1420085774,"price":894.02044000,"amount":0.50549000,"tid":105791, "type":"sell"},{"date":1420085774,"price":887.09130000,"amount":0.02577146,"tid":105792, "type":"sell"},{"date":1420085774,"price":886.00000000,"amount":2.00000000,"tid":105793, "type":"sell"},{"date":1420085774,"price":881.00000000,"amount":0.53840000,"tid":105794, "type":"sell"},{"date":1420085774,"price":880.02000000,"amount":5.00000000,"tid":105795, "type":"sell"},{"date":1420085774,"price":880.00001000,"amount":1.29622332,"tid":105796, "type":"sell"},{"date":1420094571,"price":900.49231000,"amount":0.12790950,"tid":105797, "type":"buy"},{"date":1420094571,"price":900.53477000,"amount":1.00000000,"tid":105798, "type":"buy"},{"date":1420094577,"price":901.00000000,"amount":0.70000000,"tid":105799, "type":"sell"},{"date":1420094591,"price":901.03795000,"amount":0.28067448,"tid":105800, "type":"sell"},{"date":1420094597,"price":900.53477000,"amount":0.21049403,"tid":105801, "type":"buy"},{"date":1420094628,"price":900.52248000,"amount":0.50883000,"tid":105802, "type":"buy"},{"date":1420096767,"price":896.83946000,"amount":0.21814538,"tid":105803, "type":"buy"},{"date":1420096767,"price":896.98902000,"amount":0.50000000,"tid":105804, "type":"buy"},{"date":1420096768,"price":898.00000000,"amount":0.30985462,"tid":105805, "type":"sell"},{"date":1420115985,"price":885.00000000,"amount":0.00900000,"tid":105806, "type":"buy"},{"date":1420115985,"price":914.98999000,"amount":0.62978285,"tid":105807, "type":"buy"},{"date":1420123838,"price":889.99999000,"amount":0.01123596,"tid":105808, "type":"buy"},{"date":1420124889,"price":889.99999000,"amount":0.18876405,"tid":105809, "type":"buy"},{"date":1420133085,"price":880.00005000,"amount":0.19738000,"tid":105810, "type":"sell"},{"date":1420134194,"price":880.00004000,"amount":0.17418000,"tid":105811, "type":"sell"},{"date":1420135105,"price":889.99999000,"amount":0.19216854,"tid":105812, "type":"buy"},{"date":1420137889,"price":880.00005000,"amount":0.00900000,"tid":105813, "type":"buy"},{"date":1420144251,"price":889.99999000,"amount":0.05906000,"tid":105814, "type":"buy"},{"date":1420145082,"price":889.99999000,"amount":0.20000000,"tid":105815, "type":"buy"},{"date":1420145082,"price":890.00000000,"amount":0.00900000,"tid":105816, "type":"buy"},{"date":1420145083,"price":910.98999000,"amount":0.00780470,"tid":105817, "type":"buy"},{"date":1420146542,"price":887.99999000,"amount":0.09897523,"tid":105818, "type":"buy"},{"date":1420147177,"price":888.00000000,"amount":0.00900000,"tid":105819, "type":"buy"},{"date":1420147177,"price":910.98999000,"amount":0.09563003,"tid":105820, "type":"buy"},{"date":1420162468,"price":880.10005000,"amount":0.02081000,"tid":105821, "type":"sell"},{"date":1420172138,"price":885.00000000,"amount":0.00900000,"tid":105822, "type":"buy"},{"date":1420192120,"price":885.00000000,"amount":0.20000000,"tid":105823, "type":"sell"},{"date":1420192140,"price":885.00000000,"amount":0.13100000,"tid":105824, "type":"sell"},{"date":1420192611,"price":885.00000000,"amount":0.20000000,"tid":105825, "type":"sell"},{"date":1420192642,"price":885.00000000,"amount":0.20000000,"tid":105826, "type":"sell"},{"date":1420192662,"price":885.00000000,"amount":0.20000000,"tid":105827, "type":"sell"},{"date":1420192703,"price":885.00000000,"amount":0.20000000,"tid":105828, "type":"sell"},{"date":1420192726,"price":885.00000000,"amount":0.20000000,"tid":105829, "type":"sell"},{"date":1420192748,"price":885.00000000,"amount":0.20000000,"tid":105830, "type":"sell"},{"date":1420192772,"price":885.00000000,"amount":0.20000000,"tid":105831, "type":"sell"},{"date":1420192796,"price":885.00000000,"amount":0.20000000,"tid":105832, "type":"sell"},{"date":1420192831,"price":885.00000000,"amount":0.20000000,"tid":105833, "type":"sell"},{"date":1420192860,"price":885.00000000,"amount":0.10000000,"tid":105834, "type":"sell"},{"date":1420199008,"price":881.40001000,"amount":0.00900000,"tid":105835, "type":"sell"},{"date":1420199115,"price":884.00000000,"amount":0.00900000,"tid":105836, "type":"buy"},{"date":1420199115,"price":904.98999000,"amount":0.04645797,"tid":105837, "type":"buy"},{"date":1420199781,"price":904.53049000,"amount":0.16360904,"tid":105838, "type":"buy"},{"date":1420199781,"price":904.60767000,"amount":0.26706675,"tid":105839, "type":"buy"},{"date":1420199852,"price":882.87410000,"amount":0.25818918,"tid":105840, "type":"sell"},{"date":1420199852,"price":882.77820000,"amount":0.04536082,"tid":105841, "type":"sell"},{"date":1420200811,"price":882.81126000,"amount":0.19363448,"tid":105842, "type":"sell"},{"date":1420200811,"price":882.78001000,"amount":0.01536552,"tid":105843, "type":"sell"},{"date":1420201143,"price":903.49190000,"amount":0.23532383,"tid":105844, "type":"buy"},{"date":1420201143,"price":903.49849000,"amount":0.07367617,"tid":105845, "type":"buy"},{"date":1420204125,"price":892.00000000,"amount":0.00900000,"tid":105846, "type":"buy"},{"date":1420204608,"price":900.87485000,"amount":0.50000000,"tid":105847, "type":"buy"},{"date":1420204608,"price":902.00000000,"amount":0.04388220,"tid":105848, "type":"buy"},{"date":1420204608,"price":904.99000000,"amount":3.25783802,"tid":105849, "type":"buy"},{"date":1420204671,"price":900.87483000,"amount":0.01500000,"tid":105850, "type":"buy"},{"date":1420204913,"price":900.87482000,"amount":0.20000000,"tid":105851, "type":"buy"},{"date":1420204913,"price":904.99000000,"amount":0.12260360,"tid":105852, "type":"buy"},{"date":1420205649,"price":907.84999000,"amount":0.14514300,"tid":105853, "type":"buy"},{"date":1420206093,"price":907.84992000,"amount":0.50000000,"tid":105854, "type":"buy"},{"date":1420206121,"price":907.84993000,"amount":0.04000000,"tid":105855, "type":"sell"},{"date":1420206300,"price":907.84987000,"amount":0.07237981,"tid":105856, "type":"buy"},{"date":1420206746,"price":900.00001000,"amount":0.00900000,"tid":105857, "type":"buy"},{"date":1420207840,"price":900.00000000,"amount":0.02283000,"tid":105858, "type":"sell"},{"date":1420207962,"price":900.00000000,"amount":0.13982000,"tid":105859, "type":"buy"},{"date":1420207962,"price":906.00000000,"amount":0.00900000,"tid":105860, "type":"buy"},{"date":1420207963,"price":907.85000000,"amount":0.06720053,"tid":105861, "type":"buy"},{"date":1420210276,"price":900.00000000,"amount":0.00900000,"tid":105862, "type":"sell"},{"date":1420210438,"price":891.00003000,"amount":0.45125000,"tid":105863, "type":"sell"},{"date":1420210438,"price":891.00002000,"amount":2.07563000,"tid":105864, "type":"sell"},{"date":1420210438,"price":891.00000000,"amount":1.00000000,"tid":105865, "type":"sell"},{"date":1420210438,"price":890.10000000,"amount":1.19910000,"tid":105866, "type":"sell"},{"date":1420210438,"price":890.01000000,"amount":0.04433994,"tid":105867, "type":"sell"},{"date":1420210438,"price":886.04000000,"amount":1.00000000,"tid":105868, "type":"sell"},{"date":1420210438,"price":886.00000000,"amount":1.00000000,"tid":105869, "type":"sell"},{"date":1420210438,"price":884.00000000,"amount":0.25182006,"tid":105870, "type":"sell"},{"date":1420210588,"price":899.99638000,"amount":0.17649287,"tid":105871, "type":"buy"},{"date":1420210588,"price":900.00000000,"amount":0.01660784,"tid":105872, "type":"buy"},{"date":1420211505,"price":884.65266000,"amount":0.08000000,"tid":105873, "type":"sell"},{"date":1420213720,"price":885.09162000,"amount":0.05200000,"tid":105874, "type":"sell"},{"date":1420216704,"price":899.36021000,"amount":0.10684262,"tid":105875, "type":"buy"},{"date":1420217734,"price":898.31178000,"amount":0.13856000,"tid":105876, "type":"buy"},{"date":1420217734,"price":898.38221000,"amount":0.17896605,"tid":105877, "type":"buy"},{"date":1420218414,"price":898.18551000,"amount":0.20000000,"tid":105878, "type":"buy"},{"date":1420218417,"price":898.18551000,"amount":0.10392000,"tid":105879, "type":"buy"},{"date":1420218420,"price":898.18551000,"amount":0.04421000,"tid":105880, "type":"buy"},{"date":1420218422,"price":898.18551000,"amount":0.14491000,"tid":105881, "type":"buy"},{"date":1420218425,"price":898.18551000,"amount":0.00696000,"tid":105882, "type":"buy"},{"date":1420218425,"price":899.90000000,"amount":0.00494000,"tid":105883, "type":"buy"},{"date":1420218427,"price":899.90000000,"amount":0.03926692,"tid":105884, "type":"buy"},{"date":1420218428,"price":900.00000000,"amount":0.08316308,"tid":105885, "type":"buy"},{"date":1420218431,"price":900.00000000,"amount":0.01101000,"tid":105886, "type":"buy"},{"date":1420218433,"price":900.00000000,"amount":0.05073908,"tid":105887, "type":"buy"},{"date":1420218433,"price":907.85000000,"amount":0.01189947,"tid":105888, "type":"buy"},{"date":1420218434,"price":908.00000000,"amount":0.12243000,"tid":105889, "type":"buy"},{"date":1420218434,"price":915.36831000,"amount":0.01100853,"tid":105890, "type":"buy"},{"date":1420218434,"price":915.89999000,"amount":0.60392292,"tid":105891, "type":"buy"},{"date":1420218436,"price":915.89999000,"amount":0.19607708,"tid":105892, "type":"buy"},{"date":1420218436,"price":915.90000000,"amount":1.80392292,"tid":105893, "type":"buy"},{"date":1420218440,"price":915.86514000,"amount":0.10392000,"tid":105894, "type":"buy"},{"date":1420218440,"price":915.90000000,"amount":0.19607708,"tid":105895, "type":"buy"},{"date":1420218440,"price":917.87997000,"amount":0.50000292,"tid":105896, "type":"buy"},{"date":1420218442,"price":898.18550000,"amount":0.20000000,"tid":105897, "type":"buy"},{"date":1420218442,"price":917.87997000,"amount":0.29999708,"tid":105898, "type":"buy"},{"date":1420218442,"price":917.87998000,"amount":1.25747292,"tid":105899, "type":"buy"},{"date":1420218445,"price":917.87998000,"amount":0.49999364,"tid":105900, "type":"buy"},{"date":1420218445,"price":917.89999000,"amount":0.10903636,"tid":105901, "type":"buy"},{"date":1420218448,"price":917.89999000,"amount":0.49999364,"tid":105902, "type":"buy"},{"date":1420218448,"price":917.90000000,"amount":0.36300636,"tid":105903, "type":"buy"},{"date":1420218451,"price":917.90000000,"amount":0.25000000,"tid":105904, "type":"buy"},{"date":1420218578,"price":917.81244000,"amount":0.07794000,"tid":105905, "type":"buy"},{"date":1420218595,"price":917.81695000,"amount":0.05011893,"tid":105906, "type":"buy"},{"date":1420218700,"price":917.81695000,"amount":0.37000000,"tid":105907, "type":"buy"},{"date":1420219159,"price":917.81692000,"amount":0.30800000,"tid":105908, "type":"buy"},{"date":1420219773,"price":917.81244000,"amount":0.21406000,"tid":105909, "type":"sell"},{"date":1420220195,"price":897.81244000,"amount":0.02118164,"tid":105910, "type":"sell"},{"date":1420220195,"price":894.00000000,"amount":0.10881836,"tid":105911, "type":"sell"},{"date":1420220371,"price":894.00000000,"amount":0.00218164,"tid":105912, "type":"sell"},{"date":1420220458,"price":890.00000000,"amount":0.00900000,"tid":105913, "type":"buy"},{"date":1420220458,"price":918.90000000,"amount":0.25000000,"tid":105914, "type":"buy"},{"date":1420220458,"price":919.69900000,"amount":0.64417271,"tid":105915, "type":"buy"},{"date":1420220517,"price":919.42996000,"amount":0.00900000,"tid":105916, "type":"buy"},{"date":1420220854,"price":895.00000000,"amount":0.00900000,"tid":105917, "type":"buy"},{"date":1420220854,"price":910.00001000,"amount":0.01404140,"tid":105918, "type":"buy"},{"date":1420220854,"price":919.00000000,"amount":0.03359890,"tid":105919, "type":"buy"},{"date":1420220855,"price":919.69900000,"amount":0.05250624,"tid":105920, "type":"buy"},{"date":1420221386,"price":890.00000000,"amount":0.00900000,"tid":105921, "type":"buy"},{"date":1420221386,"price":919.69900000,"amount":0.02687105,"tid":105922, "type":"buy"},{"date":1420221386,"price":920.00000000,"amount":0.00900000,"tid":105923, "type":"buy"},{"date":1420221386,"price":920.00000000,"amount":0.26679000,"tid":105924, "type":"buy"},{"date":1420221386,"price":920.00000000,"amount":0.10722000,"tid":105925, "type":"buy"},{"date":1420221387,"price":921.00000000,"amount":0.01701000,"tid":105926, "type":"buy"},{"date":1420221387,"price":924.00000000,"amount":0.01600000,"tid":105927, "type":"buy"},{"date":1420221387,"price":925.00000000,"amount":0.35876466,"tid":105928, "type":"buy"},{"date":1420221484,"price":924.59961000,"amount":0.00900000,"tid":105929, "type":"buy"},{"date":1420221837,"price":895.00000000,"amount":0.00900000,"tid":105930, "type":"buy"},{"date":1420221890,"price":908.08816000,"amount":0.05396000,"tid":105931, "type":"buy"},{"date":1420221957,"price":907.98016000,"amount":0.05395500,"tid":105932, "type":"buy"},{"date":1420221957,"price":908.04944000,"amount":0.16904500,"tid":105933, "type":"buy"},{"date":1420221974,"price":907.95685000,"amount":0.00900000,"tid":105934, "type":"buy"},{"date":1420222042,"price":895.00000000,"amount":0.00900000,"tid":105935, "type":"buy"},{"date":1420222106,"price":908.05386000,"amount":0.03821625,"tid":105936, "type":"buy"},{"date":1420222110,"price":908.05386000,"amount":0.00000375,"tid":105937, "type":"sell"},{"date":1420222129,"price":908.00520000,"amount":0.00900000,"tid":105938, "type":"buy"},{"date":1420222182,"price":895.00000000,"amount":0.00900000,"tid":105939, "type":"buy"},{"date":1420222214,"price":908.04025000,"amount":0.02641218,"tid":105940, "type":"buy"},{"date":1420222214,"price":908.10001000,"amount":0.01000000,"tid":105941, "type":"buy"},{"date":1420222214,"price":923.50000000,"amount":0.01411551,"tid":105942, "type":"buy"},{"date":1420222333,"price":923.22374000,"amount":0.01980914,"tid":105943, "type":"buy"},{"date":1420222333,"price":923.27634000,"amount":1.03819086,"tid":105944, "type":"buy"},{"date":1420222340,"price":923.23204000,"amount":0.01485685,"tid":105945, "type":"sell"},{"date":1420222386,"price":923.23204000,"amount":0.67414315,"tid":105946, "type":"sell"},{"date":1420222386,"price":923.22374000,"amount":0.00900000,"tid":105947, "type":"sell"},{"date":1420222490,"price":890.00000000,"amount":0.00900000,"tid":105948, "type":"buy"},{"date":1420222571,"price":909.08672000,"amount":0.01000000,"tid":105949, "type":"buy"},{"date":1420222664,"price":909.08671000,"amount":0.00910000,"tid":105950, "type":"buy"},{"date":1420222712,"price":895.00000000,"amount":0.00900000,"tid":105951, "type":"buy"},{"date":1420222817,"price":909.08671000,"amount":0.22887000,"tid":105952, "type":"buy"},{"date":1420222922,"price":909.08671000,"amount":0.07700036,"tid":105953, "type":"buy"},{"date":1420225167,"price":889.29405000,"amount":0.05017000,"tid":105954, "type":"sell"},{"date":1420225358,"price":904.98996000,"amount":0.05002000,"tid":105955, "type":"buy"},{"date":1420225358,"price":909.09237000,"amount":0.01000000,"tid":105956, "type":"buy"},{"date":1420225359,"price":920.00000000,"amount":2.06526248,"tid":105957, "type":"buy"},{"date":1420225443,"price":919.99999000,"amount":0.10869565,"tid":105958, "type":"buy"},{"date":1420225654,"price":919.99995000,"amount":0.58030435,"tid":105959, "type":"buy"},{"date":1420225654,"price":919.99996000,"amount":0.21554352,"tid":105960, "type":"buy"},{"date":1420226323,"price":919.99996000,"amount":0.04815218,"tid":105961, "type":"buy"},{"date":1420226577,"price":919.99996000,"amount":0.53000000,"tid":105962, "type":"buy"},{"date":1420226587,"price":919.99996000,"amount":0.04565218,"tid":105963, "type":"buy"},{"date":1420226599,"price":919.99996000,"amount":0.36970000,"tid":105964, "type":"buy"},{"date":1420226673,"price":919.99996000,"amount":1.41000000,"tid":105965, "type":"buy"},{"date":1420226673,"price":909.00000000,"amount":1.07590000,"tid":105966, "type":"sell"},{"date":1420227100,"price":919.49999000,"amount":0.06000000,"tid":105967, "type":"buy"},{"date":1420227113,"price":919.49999000,"amount":1.94000000,"tid":105968, "type":"buy"},{"date":1420227113,"price":919.50000000,"amount":0.15000000,"tid":105969, "type":"buy"},{"date":1420227113,"price":920.00000000,"amount":0.01473752,"tid":105970, "type":"buy"},{"date":1420227113,"price":920.00000000,"amount":0.76942000,"tid":105971, "type":"buy"},{"date":1420227113,"price":922.00000000,"amount":0.20000000,"tid":105972, "type":"buy"},{"date":1420227113,"price":923.00000000,"amount":0.82764000,"tid":105973, "type":"buy"},{"date":1420227113,"price":923.00000000,"amount":0.01000000,"tid":105974, "type":"buy"},{"date":1420227113,"price":923.21000000,"amount":0.64638000,"tid":105975, "type":"buy"},{"date":1420227114,"price":923.50000000,"amount":0.58588449,"tid":105976, "type":"buy"},{"date":1420227114,"price":925.00000000,"amount":0.02440855,"tid":105977, "type":"buy"},{"date":1420227114,"price":928.00000000,"amount":0.00957120,"tid":105978, "type":"buy"},{"date":1420227114,"price":929.00001000,"amount":0.01000000,"tid":105979, "type":"buy"},{"date":1420227114,"price":930.00000000,"amount":1.00000000,"tid":105980, "type":"buy"},{"date":1420227114,"price":930.00001000,"amount":0.27000000,"tid":105981, "type":"buy"},{"date":1420227114,"price":932.77000000,"amount":2.53235000,"tid":105982, "type":"buy"},{"date":1420227114,"price":932.99999000,"amount":0.11153000,"tid":105983, "type":"buy"},{"date":1420227114,"price":933.99900000,"amount":1.00000000,"tid":105984, "type":"buy"},{"date":1420227114,"price":935.00000000,"amount":0.02060000,"tid":105985, "type":"buy"},{"date":1420227115,"price":935.00000000,"amount":1.00000000,"tid":105986, "type":"buy"},{"date":1420227115,"price":939.99988000,"amount":0.95480000,"tid":105987, "type":"buy"},{"date":1420227115,"price":939.99998000,"amount":0.11056000,"tid":105988, "type":"buy"},{"date":1420227115,"price":940.00000000,"amount":0.16090173,"tid":105989, "type":"buy"},{"date":1420227115,"price":940.00000000,"amount":1.13005000,"tid":105990, "type":"buy"},{"date":1420227115,"price":940.00000000,"amount":0.00900000,"tid":105991, "type":"buy"},{"date":1420227115,"price":940.00000000,"amount":1.00000000,"tid":105992, "type":"buy"},{"date":1420227115,"price":943.99000000,"amount":1.88872000,"tid":105993, "type":"buy"},{"date":1420227115,"price":945.00000000,"amount":1.00000000,"tid":105994, "type":"buy"},{"date":1420227115,"price":945.99023000,"amount":3.58658703,"tid":105995, "type":"buy"},{"date":1420227423,"price":927.20999000,"amount":2.98500000,"tid":105996, "type":"buy"},{"date":1420227577,"price":927.20998000,"amount":0.11874119,"tid":105997, "type":"buy"},{"date":1420227608,"price":927.20998000,"amount":0.06000000,"tid":105998, "type":"buy"},{"date":1420227614,"price":927.20998000,"amount":0.07896809,"tid":105999, "type":"buy"},{"date":1420229055,"price":927.09997000,"amount":0.00907000,"tid":106000, "type":"buy"},{"date":1420229367,"price":908.51799000,"amount":0.50000000,"tid":106001, "type":"sell"},{"date":1420229391,"price":908.51799000,"amount":0.30000000,"tid":106002, "type":"sell"},{"date":1420229564,"price":908.51798000,"amount":0.50000000,"tid":106003, "type":"sell"},{"date":1420229584,"price":908.51798000,"amount":0.20000000,"tid":106004, "type":"sell"},{"date":1420229615,"price":908.51799000,"amount":0.20000000,"tid":106005, "type":"buy"},{"date":1420229634,"price":908.51799000,"amount":0.20000000,"tid":106006, "type":"sell"},{"date":1420229659,"price":908.51799000,"amount":0.20000000,"tid":106007, "type":"sell"},{"date":1420229683,"price":908.51799000,"amount":0.20000000,"tid":106008, "type":"sell"},{"date":1420229709,"price":908.51799000,"amount":0.20000000,"tid":106009, "type":"sell"},{"date":1420229764,"price":908.51799000,"amount":0.20000000,"tid":106010, "type":"sell"},{"date":1420229803,"price":908.51799000,"amount":0.20000000,"tid":106011, "type":"sell"},{"date":1420229812,"price":908.51799000,"amount":0.01000000,"tid":106012, "type":"sell"},{"date":1420229812,"price":908.51798000,"amount":1.50138736,"tid":106013, "type":"sell"},{"date":1420230004,"price":900.37813000,"amount":0.37028429,"tid":106014, "type":"sell"},{"date":1420230008,"price":900.36840000,"amount":0.27770922,"tid":106015, "type":"buy"},{"date":1420230168,"price":900.36840000,"amount":0.53823300,"tid":106016, "type":"buy"},{"date":1420231543,"price":900.36840000,"amount":1.06400000,"tid":106017, "type":"buy"},{"date":1420231625,"price":900.36840000,"amount":0.10940000,"tid":106018, "type":"buy"},{"date":1420232592,"price":900.36840000,"amount":0.64037349,"tid":106019, "type":"buy"},{"date":1420232593,"price":908.00000000,"amount":2.60000000,"tid":106020, "type":"buy"},{"date":1420232593,"price":917.98999000,"amount":0.80000000,"tid":106021, "type":"buy"},{"date":1420232593,"price":917.99000000,"amount":0.26979771,"tid":106022, "type":"buy"},{"date":1420235708,"price":907.62286000,"amount":0.20662510,"tid":106023, "type":"sell"},{"date":1420235708,"price":907.60103000,"amount":1.24694846,"tid":106024, "type":"sell"},{"date":1420235709,"price":907.51148000,"amount":0.15705000,"tid":106025, "type":"sell"},{"date":1420235712,"price":907.00000000,"amount":0.80000000,"tid":106026, "type":"buy"},{"date":1420236049,"price":900.00000000,"amount":0.01895000,"tid":106027, "type":"sell"},{"date":1420236049,"price":899.00001000,"amount":0.01207000,"tid":106028, "type":"sell"},{"date":1420236049,"price":899.00000000,"amount":0.84408000,"tid":106029, "type":"sell"},{"date":1420236542,"price":923.08681000,"amount":0.15657885,"tid":106030, "type":"buy"},{"date":1420236542,"price":923.08682000,"amount":0.00697023,"tid":106031, "type":"buy"},{"date":1420236554,"price":923.07299000,"amount":0.08872309,"tid":106032, "type":"buy"},{"date":1420242675,"price":917.44373000,"amount":0.22137862,"tid":106033, "type":"buy"},{"date":1420242675,"price":917.51545000,"amount":0.35628563,"tid":106034, "type":"buy"},{"date":1420242996,"price":916.57420000,"amount":0.05800000,"tid":106035, "type":"buy"},{"date":1420244272,"price":913.63831000,"amount":0.21130000,"tid":106036, "type":"buy"},{"date":1420245662,"price":910.86863000,"amount":0.54677479,"tid":106037, "type":"buy"},{"date":1420248799,"price":919.39402000,"amount":0.03000000,"tid":106038, "type":"buy"},{"date":1420248799,"price":919.39402000,"amount":0.00315387,"tid":106039, "type":"buy"},{"date":1420248799,"price":921.84715000,"amount":0.02684613,"tid":106040, "type":"buy"},{"date":1420254190,"price":909.03611000,"amount":1.24680682,"tid":106041, "type":"sell"},{"date":1420254264,"price":903.43589000,"amount":0.23322181,"tid":106042, "type":"sell"},{"date":1420254264,"price":903.33000000,"amount":0.60777819,"tid":106043, "type":"sell"},{"date":1420256998,"price":914.19370000,"amount":0.06344389,"tid":106044, "type":"buy"},{"date":1420259848,"price":903.33000000,"amount":0.01282000,"tid":106045, "type":"sell"},{"date":1420261942,"price":903.33000000,"amount":0.41040181,"tid":106046, "type":"sell"},{"date":1420267326,"price":900.00001000,"amount":0.06425000,"tid":106047, "type":"sell"},{"date":1420267326,"price":900.00000000,"amount":0.83270000,"tid":106048, "type":"sell"},{"date":1420267326,"price":898.00000000,"amount":1.10000000,"tid":106049, "type":"sell"},{"date":1420267326,"price":897.33000000,"amount":0.73937000,"tid":106050, "type":"sell"},{"date":1420267326,"price":897.30000000,"amount":0.11561000,"tid":106051, "type":"sell"},{"date":1420267326,"price":897.27000000,"amount":0.14807000,"tid":106052, "type":"sell"},{"date":1420267387,"price":897.33849000,"amount":0.17610717,"tid":106053, "type":"sell"},{"date":1420267387,"price":897.27000000,"amount":2.82389283,"tid":106054, "type":"sell"},{"date":1420267446,"price":897.34302000,"amount":0.13207702,"tid":106055, "type":"sell"},{"date":1420267446,"price":897.27000000,"amount":0.37151237,"tid":106056, "type":"sell"},{"date":1420267446,"price":891.58000000,"amount":0.49641241,"tid":106057, "type":"sell"},{"date":1420270976,"price":907.77616000,"amount":0.04948000,"tid":106058, "type":"buy"},{"date":1420274421,"price":893.17478000,"amount":0.11205564,"tid":106059, "type":"sell"},{"date":1420274421,"price":893.08000000,"amount":2.88794436,"tid":106060, "type":"sell"},{"date":1420274526,"price":893.16760000,"amount":0.08403876,"tid":106061, "type":"sell"},{"date":1420274526,"price":893.08000000,"amount":0.40771964,"tid":106062, "type":"sell"},{"date":1420276187,"price":905.86157000,"amount":0.37540000,"tid":106063, "type":"buy"},{"date":1420276747,"price":890.00001000,"amount":0.16854000,"tid":106064, "type":"sell"},{"date":1420276747,"price":890.00000000,"amount":0.03524000,"tid":106065, "type":"sell"},{"date":1420276747,"price":890.00000000,"amount":0.11049438,"tid":106066, "type":"sell"},{"date":1420276747,"price":889.71000000,"amount":2.25318362,"tid":106067, "type":"sell"},{"date":1420277397,"price":905.87213000,"amount":0.18766446,"tid":106068, "type":"buy"},{"date":1420286646,"price":886.00000000,"amount":0.04476575,"tid":106069, "type":"sell"},{"date":1420286646,"price":882.78000000,"amount":0.32960000,"tid":106070, "type":"sell"},{"date":1420286767,"price":882.00000000,"amount":1.00000000,"tid":106071, "type":"sell"},{"date":1420286767,"price":882.00000000,"amount":0.03490000,"tid":106072, "type":"sell"},{"date":1420286767,"price":881.00000000,"amount":1.96510000,"tid":106073, "type":"sell"},{"date":1420286828,"price":881.00000000,"amount":0.25663666,"tid":106074, "type":"sell"},{"date":1420286828,"price":880.00010000,"amount":1.01000000,"tid":106075, "type":"sell"},{"date":1420286828,"price":880.00000000,"amount":0.06227000,"tid":106076, "type":"sell"},{"date":1420286828,"price":880.00000000,"amount":1.00000000,"tid":106077, "type":"sell"},{"date":1420286828,"price":880.00000000,"amount":0.12599000,"tid":106078, "type":"sell"},{"date":1420286828,"price":880.00000000,"amount":0.54510334,"tid":106079, "type":"sell"},{"date":1420286886,"price":880.00000000,"amount":0.62563605,"tid":106080, "type":"sell"},{"date":1420290089,"price":905.84220000,"amount":0.11039450,"tid":106081, "type":"buy"},{"date":1420290693,"price":905.84161000,"amount":0.32000000,"tid":106082, "type":"buy"},{"date":1420291387,"price":885.00000000,"amount":0.17060000,"tid":106083, "type":"sell"},{"date":1420291387,"price":881.00000000,"amount":1.25000000,"tid":106084, "type":"sell"},{"date":1420291387,"price":880.00000000,"amount":0.82926061,"tid":106085, "type":"sell"},{"date":1420291387,"price":880.00000000,"amount":0.75013939,"tid":106086, "type":"sell"},{"date":1420291426,"price":905.84110000,"amount":0.11000000,"tid":106087, "type":"buy"},{"date":1420291446,"price":880.00000000,"amount":0.35986061,"tid":106088, "type":"sell"},{"date":1420291446,"price":878.00000000,"amount":1.00000000,"tid":106089, "type":"sell"},{"date":1420291446,"price":876.00000000,"amount":1.00000000,"tid":106090, "type":"sell"},{"date":1420291446,"price":874.00000000,"amount":0.64013939,"tid":106091, "type":"sell"},{"date":1420291507,"price":874.00000000,"amount":0.35986061,"tid":106092, "type":"sell"},{"date":1420291507,"price":872.00000000,"amount":0.64014119,"tid":106093, "type":"sell"},{"date":1420291641,"price":905.84106000,"amount":0.13960744,"tid":106094, "type":"buy"},{"date":1420291641,"price":905.84107000,"amount":0.12552737,"tid":106095, "type":"buy"},{"date":1420293523,"price":905.77418000,"amount":0.04250701,"tid":106096, "type":"buy"},{"date":1420293826,"price":904.99999000,"amount":0.21000000,"tid":106097, "type":"buy"},{"date":1420294049,"price":904.99999000,"amount":0.00862000,"tid":106098, "type":"buy"},{"date":1420294049,"price":905.00000000,"amount":0.36707061,"tid":106099, "type":"buy"},{"date":1420294683,"price":905.00000000,"amount":0.47600000,"tid":106100, "type":"buy"},{"date":1420294761,"price":905.00000000,"amount":0.26458500,"tid":106101, "type":"buy"},{"date":1420295453,"price":905.00000000,"amount":0.02000000,"tid":106102, "type":"buy"},{"date":1420295766,"price":895.00001000,"amount":1.25436460,"tid":106103, "type":"sell"},{"date":1420295766,"price":895.00000000,"amount":0.37500000,"tid":106104, "type":"sell"},{"date":1420295766,"price":875.00001000,"amount":0.02896875,"tid":106105, "type":"sell"},{"date":1420295766,"price":874.60000000,"amount":0.11564000,"tid":106106, "type":"sell"},{"date":1420295766,"price":874.50000000,"amount":0.10983000,"tid":106107, "type":"sell"},{"date":1420295766,"price":874.00000000,"amount":0.11894000,"tid":106108, "type":"sell"},{"date":1420295766,"price":873.50000000,"amount":0.12337000,"tid":106109, "type":"sell"},{"date":1420295766,"price":873.00000000,"amount":0.15000000,"tid":106110, "type":"sell"},{"date":1420295766,"price":872.50000000,"amount":0.14221800,"tid":106111, "type":"sell"},{"date":1420295766,"price":872.00001000,"amount":0.22621000,"tid":106112, "type":"sell"},{"date":1420295766,"price":872.00000000,"amount":0.35545865,"tid":106113, "type":"sell"},{"date":1420295826,"price":872.00001000,"amount":0.17202000,"tid":106114, "type":"sell"},{"date":1420295827,"price":872.00000000,"amount":0.00440016,"tid":106115, "type":"sell"},{"date":1420295827,"price":872.00000000,"amount":0.10000000,"tid":106116, "type":"sell"},{"date":1420295827,"price":871.10000000,"amount":0.68298000,"tid":106117, "type":"sell"},{"date":1420295827,"price":870.00000000,"amount":1.00000000,"tid":106118, "type":"sell"},{"date":1420295827,"price":870.00000000,"amount":0.04059984,"tid":106119, "type":"sell"},{"date":1420295982,"price":904.99978000,"amount":0.07800000,"tid":106120, "type":"buy"},{"date":1420295990,"price":904.99977000,"amount":0.22553000,"tid":106121, "type":"buy"},{"date":1420295990,"price":904.99983000,"amount":0.17150394,"tid":106122, "type":"buy"},{"date":1420295990,"price":905.00000000,"amount":0.69434439,"tid":106123, "type":"buy"},{"date":1420295990,"price":905.00000000,"amount":0.09210000,"tid":106124, "type":"buy"},{"date":1420295990,"price":905.79426000,"amount":0.49492317,"tid":106125, "type":"buy"},{"date":1420295991,"price":905.80426000,"amount":2.00000000,"tid":106126, "type":"buy"},{"date":1420295991,"price":905.85000000,"amount":0.10691075,"tid":106127, "type":"buy"},{"date":1420298468,"price":890.00005000,"amount":0.01000000,"tid":106128, "type":"buy"},{"date":1420298520,"price":905.84995000,"amount":0.01000000,"tid":106129, "type":"buy"},{"date":1420300327,"price":890.00006000,"amount":0.16854000,"tid":106130, "type":"sell"},{"date":1420300327,"price":890.00005000,"amount":0.00500000,"tid":106131, "type":"sell"},{"date":1420303207,"price":890.00000000,"amount":2.03955000,"tid":106132, "type":"sell"},{"date":1420305150,"price":899.00079000,"amount":0.05672965,"tid":106133, "type":"buy"},{"date":1420305617,"price":898.99995000,"amount":0.16803438,"tid":106134, "type":"buy"},{"date":1420305617,"price":898.99995000,"amount":0.04679262,"tid":106135, "type":"buy"},{"date":1420306704,"price":892.99985000,"amount":0.38088472,"tid":106136, "type":"buy"},{"date":1420307316,"price":871.28190000,"amount":0.00969000,"tid":106137, "type":"sell"},{"date":1420307481,"price":884.85292000,"amount":0.39741523,"tid":106138, "type":"buy"},{"date":1420307481,"price":884.90174000,"amount":0.10667477,"tid":106139, "type":"buy"},{"date":1420307780,"price":871.55240000,"amount":0.11249306,"tid":106140, "type":"sell"},{"date":1420307780,"price":871.51228000,"amount":0.17213000,"tid":106141, "type":"sell"},{"date":1420307780,"price":871.00001000,"amount":0.29215000,"tid":106142, "type":"sell"},{"date":1420307780,"price":871.00000000,"amount":1.88700000,"tid":106143, "type":"sell"},{"date":1420309895,"price":883.05397000,"amount":0.27418483,"tid":106144, "type":"buy"},{"date":1420311635,"price":871.00000000,"amount":0.37800000,"tid":106145, "type":"sell"},{"date":1420312574,"price":870.01100000,"amount":2.00000000,"tid":106146, "type":"sell"},{"date":1420312574,"price":870.01000000,"amount":1.00000000,"tid":106147, "type":"sell"},{"date":1420312611,"price":880.52337000,"amount":0.17161361,"tid":106148, "type":"buy"},{"date":1420312611,"price":880.52337000,"amount":1.05379396,"tid":106149, "type":"buy"},{"date":1420312629,"price":870.01000000,"amount":1.03219127,"tid":106150, "type":"sell"},{"date":1420312727,"price":880.52337000,"amount":0.00900000,"tid":106151, "type":"buy"},{"date":1420312810,"price":870.01000000,"amount":2.00000000,"tid":106152, "type":"sell"},{"date":1420312830,"price":870.01000000,"amount":2.00000000,"tid":106153, "type":"sell"},{"date":1420312852,"price":870.01000000,"amount":2.00000000,"tid":106154, "type":"sell"},{"date":1420312874,"price":870.01000000,"amount":2.00000000,"tid":106155, "type":"sell"},{"date":1420312898,"price":870.01000000,"amount":0.05380873,"tid":106156, "type":"sell"},{"date":1420312997,"price":870.00023000,"amount":0.36859711,"tid":106157, "type":"sell"},{"date":1420319397,"price":870.02690000,"amount":0.15388111,"tid":106158, "type":"sell"},{"date":1420319965,"price":870.02690000,"amount":0.15601889,"tid":106159, "type":"buy"},{"date":1420319965,"price":884.00023000,"amount":0.04398111,"tid":106160, "type":"buy"},{"date":1420319975,"price":870.02119000,"amount":0.11540965,"tid":106161, "type":"sell"},{"date":1420319975,"price":870.00023000,"amount":3.52050489,"tid":106162, "type":"sell"},{"date":1420319975,"price":870.00006000,"amount":0.02345443,"tid":106163, "type":"sell"},{"date":1420319975,"price":870.00000000,"amount":0.34063103,"tid":106164, "type":"sell"},{"date":1420320514,"price":883.93311000,"amount":0.11313073,"tid":106165, "type":"buy"},{"date":1420322068,"price":883.97781000,"amount":0.01131250,"tid":106166, "type":"buy"},{"date":1420322519,"price":883.83580000,"amount":0.11330159,"tid":106167, "type":"buy"},{"date":1420323074,"price":870.67899000,"amount":0.11799089,"tid":106168, "type":"sell"},{"date":1420323074,"price":870.59019000,"amount":0.17230000,"tid":106169, "type":"sell"},{"date":1420323074,"price":870.00001000,"amount":0.11476000,"tid":106170, "type":"sell"},{"date":1420323074,"price":870.00000000,"amount":0.36336897,"tid":106171, "type":"sell"},{"date":1420323074,"price":868.00000000,"amount":1.00000000,"tid":106172, "type":"sell"},{"date":1420323074,"price":853.00000000,"amount":2.75199000,"tid":106173, "type":"sell"},{"date":1420323074,"price":850.54012000,"amount":0.01679374,"tid":106174, "type":"sell"},{"date":1420323074,"price":847.00000000,"amount":0.50000000,"tid":106175, "type":"sell"},{"date":1420323075,"price":845.00000000,"amount":0.96279640,"tid":106176, "type":"sell"},{"date":1420324812,"price":863.39615000,"amount":0.06138549,"tid":106177, "type":"buy"},{"date":1420326058,"price":845.04805000,"amount":0.09117002,"tid":106178, "type":"sell"},{"date":1420326058,"price":845.00000000,"amount":0.02132998,"tid":106179, "type":"sell"},{"date":1420326267,"price":862.00968000,"amount":0.01160080,"tid":106180, "type":"buy"},{"date":1420326351,"price":861.87911000,"amount":0.32745081,"tid":106181, "type":"buy"},{"date":1420326351,"price":861.93175000,"amount":0.17178310,"tid":106182, "type":"buy"},{"date":1420326351,"price":861.93175000,"amount":0.51076609,"tid":106183, "type":"buy"},{"date":1420326981,"price":861.35991000,"amount":0.24558811,"tid":106184, "type":"buy"},{"date":1420326983,"price":861.44699000,"amount":0.09224044,"tid":106185, "type":"buy"},{"date":1420327154,"price":864.95431000,"amount":0.18419108,"tid":106186, "type":"buy"},{"date":1420327154,"price":865.04804000,"amount":0.15222638,"tid":106187, "type":"buy"},{"date":1420327464,"price":864.74432000,"amount":0.09829495,"tid":106188, "type":"buy"},{"date":1420327981,"price":864.41806000,"amount":0.05580000,"tid":106189, "type":"buy"},{"date":1420328579,"price":863.81360000,"amount":0.07700000,"tid":106190, "type":"buy"},{"date":1420328767,"price":863.69302000,"amount":0.09431957,"tid":106191, "type":"buy"},{"date":1420328768,"price":863.72877000,"amount":0.94736551,"tid":106192, "type":"buy"},{"date":1420329286,"price":849.99999000,"amount":0.00900000,"tid":106193, "type":"buy"},{"date":1420329694,"price":845.17516000,"amount":0.34826801,"tid":106194, "type":"sell"},{"date":1420329694,"price":845.09079000,"amount":0.17750000,"tid":106195, "type":"sell"},{"date":1420329694,"price":845.00000000,"amount":2.27423199,"tid":106196, "type":"sell"},{"date":1420330644,"price":846.99997000,"amount":0.17696750,"tid":106197, "type":"buy"},{"date":1420330644,"price":846.99998000,"amount":0.01208250,"tid":106198, "type":"buy"},{"date":1420330855,"price":864.09826000,"amount":0.01000000,"tid":106199, "type":"buy"},{"date":1420331016,"price":864.02073000,"amount":0.15504548,"tid":106200, "type":"buy"},{"date":1420331016,"price":864.02869000,"amount":0.47018662,"tid":106201, "type":"buy"},{"date":1420331226,"price":846.78386000,"amount":0.15504000,"tid":106202, "type":"sell"},{"date":1420331226,"price":846.78385000,"amount":0.30266649,"tid":106203, "type":"sell"},{"date":1420331226,"price":846.76460000,"amount":0.09229351,"tid":106204, "type":"sell"},{"date":1420331314,"price":845.00683000,"amount":0.22747218,"tid":106205, "type":"sell"},{"date":1420331314,"price":845.00000000,"amount":0.26252782,"tid":106206, "type":"sell"},{"date":1420331481,"price":845.01385000,"amount":0.14000000,"tid":106207, "type":"sell"},{"date":1420331535,"price":845.01385000,"amount":0.03060000,"tid":106208, "type":"sell"},{"date":1420331551,"price":845.01385000,"amount":0.00000368,"tid":106209, "type":"sell"},{"date":1420331553,"price":845.00000000,"amount":0.14959081,"tid":106210, "type":"sell"},{"date":1420332119,"price":841.00000000,"amount":0.47844000,"tid":106211, "type":"sell"},{"date":1420332146,"price":840.00000000,"amount":0.00900000,"tid":106212, "type":"buy"},{"date":1420332146,"price":840.99998000,"amount":0.01122473,"tid":106213, "type":"buy"},{"date":1420332177,"price":840.99998000,"amount":0.00900000,"tid":106214, "type":"buy"},{"date":1420332180,"price":834.80000000,"amount":7.24944000,"tid":106215, "type":"sell"},{"date":1420332245,"price":840.00000000,"amount":0.00900000,"tid":106216, "type":"buy"},{"date":1420332245,"price":840.99997000,"amount":0.00290131,"tid":106217, "type":"buy"},{"date":1420332332,"price":859.91879000,"amount":0.00900000,"tid":106218, "type":"buy"},{"date":1420332616,"price":849.99999000,"amount":0.01176471,"tid":106219, "type":"buy"},{"date":1420332879,"price":849.99999000,"amount":0.01411765,"tid":106220, "type":"buy"},{"date":1420332988,"price":849.99999000,"amount":0.03406848,"tid":106221, "type":"buy"},{"date":1420334817,"price":841.00000000,"amount":0.06640000,"tid":106222, "type":"sell"},{"date":1420334877,"price":840.00000000,"amount":0.17235700,"tid":106223, "type":"sell"},{"date":1420334933,"price":834.80000000,"amount":0.01184106,"tid":106224, "type":"sell"},{"date":1420334939,"price":834.80000000,"amount":0.02271894,"tid":106225, "type":"sell"},{"date":1420335073,"price":829.99999000,"amount":0.01204819,"tid":106226, "type":"buy"},{"date":1420335097,"price":825.04806000,"amount":0.00900000,"tid":106227, "type":"buy"},{"date":1420335097,"price":829.99999000,"amount":0.00310189,"tid":106228, "type":"buy"},{"date":1420335106,"price":825.04805000,"amount":0.01211884,"tid":106229, "type":"sell"},{"date":1420335124,"price":825.04805000,"amount":0.00900000,"tid":106230, "type":"buy"},{"date":1420335250,"price":825.00000000,"amount":0.05837576,"tid":106231, "type":"sell"},{"date":1420335315,"price":824.50000000,"amount":0.94000000,"tid":106232, "type":"sell"},{"date":1420335366,"price":824.23601000,"amount":0.00900000,"tid":106233, "type":"buy"},{"date":1420335366,"price":824.50000000,"amount":0.05608000,"tid":106234, "type":"buy"},{"date":1420335400,"price":824.49999000,"amount":0.00900000,"tid":106235, "type":"buy"},{"date":1420335440,"price":824.23600000,"amount":0.92132513,"tid":106236, "type":"sell"},{"date":1420335453,"price":824.23600000,"amount":0.50000000,"tid":106237, "type":"sell"},{"date":1420335460,"price":824.23600000,"amount":0.93091537,"tid":106238, "type":"sell"},{"date":1420335478,"price":824.23600000,"amount":0.10069000,"tid":106239, "type":"sell"},{"date":1420335549,"price":824.23600000,"amount":0.56821760,"tid":106240, "type":"sell"},{"date":1420335942,"price":822.00000000,"amount":2.00000000,"tid":106241, "type":"sell"},{"date":1420335962,"price":822.00000000,"amount":1.00000000,"tid":106242, "type":"sell"},{"date":1420336242,"price":811.00000000,"amount":0.00900000,"tid":106243, "type":"sell"},{"date":1420336268,"price":821.49680000,"amount":0.00900000,"tid":106244, "type":"buy"},{"date":1420336497,"price":810.01000000,"amount":0.10000000,"tid":106245, "type":"sell"},{"date":1420336838,"price":802.00001000,"amount":0.00900000,"tid":106246, "type":"buy"},{"date":1420337856,"price":803.35783000,"amount":0.13929365,"tid":106247, "type":"sell"},{"date":1420337856,"price":802.00000000,"amount":0.01000000,"tid":106248, "type":"sell"},{"date":1420337856,"price":800.00100000,"amount":1.10000000,"tid":106249, "type":"sell"},{"date":1420337856,"price":800.00000000,"amount":4.35070635,"tid":106250, "type":"sell"},{"date":1420338067,"price":803.45732000,"amount":0.05000000,"tid":106251, "type":"sell"},{"date":1420338277,"price":818.50158000,"amount":0.07000000,"tid":106252, "type":"buy"},{"date":1420338406,"price":818.24548000,"amount":0.04875065,"tid":106253, "type":"buy"},{"date":1420338640,"price":803.81740000,"amount":0.18659000,"tid":106254, "type":"sell"},{"date":1420338640,"price":800.00000000,"amount":1.76929365,"tid":106255, "type":"sell"},{"date":1420338640,"price":800.00000000,"amount":0.69267500,"tid":106256, "type":"sell"},{"date":1420338640,"price":800.00000000,"amount":0.02000000,"tid":106257, "type":"sell"},{"date":1420338640,"price":800.00000000,"amount":0.14109135,"tid":106258, "type":"sell"},{"date":1420338773,"price":800.02921000,"amount":0.12261980,"tid":106259, "type":"sell"},{"date":1420338773,"price":800.00000000,"amount":0.02601020,"tid":106260, "type":"sell"},{"date":1420341025,"price":807.03867000,"amount":0.05538432,"tid":106261, "type":"sell"},{"date":1420344856,"price":808.00000000,"amount":0.10000000,"tid":106262, "type":"sell"},{"date":1420344978,"price":806.02596000,"amount":0.07741521,"tid":106263, "type":"sell"},{"date":1420345030,"price":806.04426000,"amount":0.05806078,"tid":106264, "type":"sell"},{"date":1420345030,"price":806.00000000,"amount":2.94193922,"tid":106265, "type":"sell"},{"date":1420345071,"price":806.00249000,"amount":0.04354479,"tid":106266, "type":"sell"},{"date":1420345144,"price":806.07032000,"amount":0.03265856,"tid":106267, "type":"sell"},{"date":1420345168,"price":806.08044000,"amount":0.02449321,"tid":106268, "type":"sell"},{"date":1420345183,"price":806.02088000,"amount":0.01836930,"tid":106269, "type":"sell"},{"date":1420345183,"price":806.00000000,"amount":0.05806078,"tid":106270, "type":"sell"},{"date":1420350260,"price":811.20102000,"amount":0.41175001,"tid":106271, "type":"buy"},{"date":1420350260,"price":811.25286000,"amount":0.18603023,"tid":106272, "type":"buy"},{"date":1420350260,"price":811.25286000,"amount":1.00000000,"tid":106273, "type":"buy"},{"date":1420350260,"price":819.96364000,"amount":0.20221976,"tid":106274, "type":"buy"},{"date":1420350419,"price":811.02730000,"amount":0.30881250,"tid":106275, "type":"buy"},{"date":1420350422,"price":812.00000000,"amount":0.79118750,"tid":106276, "type":"sell"},{"date":1420352076,"price":802.24069000,"amount":0.07800000,"tid":106277, "type":"sell"},{"date":1420364397,"price":818.26302000,"amount":1.35920000,"tid":106278, "type":"buy"},{"date":1420364508,"price":810.00834000,"amount":0.17424561,"tid":106279, "type":"sell"},{"date":1420364579,"price":810.07126000,"amount":0.13068000,"tid":106280, "type":"sell"},{"date":1420364626,"price":819.81139000,"amount":0.29448000,"tid":106281, "type":"buy"},{"date":1420364642,"price":819.89097000,"amount":0.23161000,"tid":106282, "type":"buy"},{"date":1420364678,"price":805.20385000,"amount":0.00900000,"tid":106283, "type":"buy"},{"date":1420364796,"price":819.89097000,"amount":0.01800000,"tid":106284, "type":"sell"},{"date":1420364980,"price":810.00000000,"amount":0.00900000,"tid":106285, "type":"buy"},{"date":1420364980,"price":815.02858000,"amount":0.00900000,"tid":106286, "type":"buy"},{"date":1420364980,"price":819.94437000,"amount":0.23160938,"tid":106287, "type":"buy"},{"date":1420364980,"price":820.00000000,"amount":0.00900000,"tid":106288, "type":"buy"},{"date":1420364980,"price":820.00000000,"amount":0.05000000,"tid":106289, "type":"buy"},{"date":1420364980,"price":823.81739000,"amount":0.02514751,"tid":106290, "type":"buy"},{"date":1420365211,"price":825.00000000,"amount":1.00000000,"tid":106291, "type":"sell"},{"date":1420365239,"price":825.00000000,"amount":0.66624311,"tid":106292, "type":"sell"},{"date":1420367036,"price":824.70783000,"amount":0.04698181,"tid":106293, "type":"buy"},{"date":1420367105,"price":810.47990000,"amount":0.00900000,"tid":106294, "type":"buy"},{"date":1420367105,"price":824.70766000,"amount":0.20000000,"tid":106295, "type":"buy"},{"date":1420367105,"price":825.00001000,"amount":0.01760325,"tid":106296, "type":"buy"},{"date":1420367105,"price":825.04805000,"amount":0.01647116,"tid":106297, "type":"buy"},{"date":1420367105,"price":840.00000000,"amount":0.10000000,"tid":106298, "type":"buy"},{"date":1420367134,"price":840.00000000,"amount":0.15692559,"tid":106299, "type":"sell"},{"date":1420367947,"price":808.00000000,"amount":0.00900000,"tid":106300, "type":"sell"},{"date":1420368808,"price":815.99999000,"amount":0.20000000,"tid":106301, "type":"buy"},{"date":1420368824,"price":816.99999000,"amount":0.20000000,"tid":106302, "type":"sell"},{"date":1420369725,"price":836.05961000,"amount":0.01232228,"tid":106303, "type":"buy"},{"date":1420369776,"price":839.02265000,"amount":0.23426829,"tid":106304, "type":"sell"},{"date":1420369826,"price":839.08656000,"amount":0.17569963,"tid":106305, "type":"sell"},{"date":1420369832,"price":839.08656000,"amount":0.00000037,"tid":106306, "type":"buy"},{"date":1420369880,"price":839.09137000,"amount":0.13175623,"tid":106307, "type":"sell"},{"date":1420370081,"price":815.00000000,"amount":0.20000000,"tid":106308, "type":"sell"},{"date":1420370114,"price":815.00000000,"amount":0.20000000,"tid":106309, "type":"sell"},{"date":1420370181,"price":815.00000000,"amount":0.20000000,"tid":106310, "type":"sell"},{"date":1420370183,"price":815.00000000,"amount":0.05000000,"tid":106311, "type":"sell"},{"date":1420370297,"price":810.00000000,"amount":0.00900000,"tid":106312, "type":"buy"},{"date":1420370839,"price":834.93098000,"amount":0.05551357,"tid":106313, "type":"buy"},{"date":1420376943,"price":808.00000000,"amount":0.10103000,"tid":106314, "type":"sell"},{"date":1420377249,"price":835.00000000,"amount":0.01000000,"tid":106315, "type":"buy"},{"date":1420377305,"price":839.00000000,"amount":0.00900000,"tid":106316, "type":"sell"},{"date":1420377504,"price":820.00002000,"amount":0.00100000,"tid":106317, "type":"buy"},{"date":1420377530,"price":839.00000000,"amount":0.00800000,"tid":106318, "type":"sell"},{"date":1420377699,"price":800.00002000,"amount":0.20000000,"tid":106319, "type":"sell"},{"date":1420377744,"price":800.00002000,"amount":0.20000000,"tid":106320, "type":"sell"},{"date":1420377766,"price":800.00002000,"amount":0.50000000,"tid":106321, "type":"sell"},{"date":1420377885,"price":800.00001000,"amount":0.00900000,"tid":106322, "type":"buy"},{"date":1420377885,"price":840.00000000,"amount":0.11003000,"tid":106323, "type":"buy"},{"date":1420377885,"price":850.00000000,"amount":0.10000000,"tid":106324, "type":"buy"},{"date":1420377885,"price":861.32999000,"amount":0.00531294,"tid":106325, "type":"buy"},{"date":1420378002,"price":850.01229000,"amount":0.11113997,"tid":106326, "type":"sell"},{"date":1420378035,"price":861.13559000,"amount":0.33263372,"tid":106327, "type":"buy"},{"date":1420378035,"price":861.19089000,"amount":1.37113302,"tid":106328, "type":"buy"},{"date":1420378043,"price":850.15996000,"amount":0.08400000,"tid":106329, "type":"sell"},{"date":1420378094,"price":850.03744000,"amount":0.14634574,"tid":106330, "type":"sell"},{"date":1420378101,"price":850.03744000,"amount":0.00000426,"tid":106331, "type":"buy"},{"date":1420378102,"price":850.07873000,"amount":0.10974860,"tid":106332, "type":"sell"},{"date":1420378102,"price":850.00000000,"amount":0.00900000,"tid":106333, "type":"sell"},{"date":1420378102,"price":800.14000000,"amount":0.03001674,"tid":106334, "type":"sell"},{"date":1420378237,"price":850.05328000,"amount":0.08231694,"tid":106335, "type":"sell"},{"date":1420378238,"price":850.00000000,"amount":0.00900000,"tid":106336, "type":"sell"},{"date":1420378238,"price":800.14000000,"amount":0.05241286,"tid":106337, "type":"sell"},{"date":1420378245,"price":830.05328000,"amount":0.02795818,"tid":106338, "type":"sell"},{"date":1420378245,"price":800.14000000,"amount":0.03170958,"tid":106339, "type":"sell"},{"date":1420378592,"price":802.99999000,"amount":0.05413662,"tid":106340, "type":"buy"},{"date":1420378631,"price":800.14000000,"amount":0.00102082,"tid":106341, "type":"sell"},{"date":1420378698,"price":800.00009000,"amount":0.27000000,"tid":106342, "type":"sell"},{"date":1420378864,"price":845.97283000,"amount":0.34398268,"tid":106343, "type":"buy"},{"date":1420378954,"price":835.04029000,"amount":0.06284545,"tid":106344, "type":"sell"},{"date":1420378991,"price":835.00000000,"amount":0.00900000,"tid":106345, "type":"sell"},{"date":1420378991,"price":800.00000000,"amount":0.03289845,"tid":106346, "type":"sell"},{"date":1420378991,"price":800.00000000,"amount":0.01981919,"tid":106347, "type":"sell"},{"date":1420379105,"price":833.09925000,"amount":0.01098789,"tid":106348, "type":"sell"},{"date":1420379189,"price":833.07043000,"amount":0.04449920,"tid":106349, "type":"sell"},{"date":1420379280,"price":833.07774000,"amount":0.03337000,"tid":106350, "type":"sell"},{"date":1420379305,"price":833.07774000,"amount":0.00000236,"tid":106351, "type":"sell"},{"date":1420379305,"price":833.02731000,"amount":0.11515764,"tid":106352, "type":"sell"},{"date":1420379402,"price":833.07605000,"amount":0.02502959,"tid":106353, "type":"sell"},{"date":1420379471,"price":833.09605000,"amount":0.01877000,"tid":106354, "type":"sell"},{"date":1420379824,"price":800.07000000,"amount":0.28000000,"tid":106355, "type":"sell"},{"date":1420379949,"price":800.06000000,"amount":0.11907000,"tid":106356, "type":"sell"},{"date":1420379949,"price":800.00000000,"amount":0.18018081,"tid":106357, "type":"sell"},{"date":1420379949,"price":800.00000000,"amount":0.01000000,"tid":106358, "type":"sell"},{"date":1420379949,"price":800.00000000,"amount":0.61874919,"tid":106359, "type":"sell"},{"date":1420380033,"price":800.00000000,"amount":0.38125081,"tid":106360, "type":"sell"},{"date":1420380033,"price":800.00000000,"amount":0.10000000,"tid":106361, "type":"sell"},{"date":1420380170,"price":799.99999000,"amount":1.00000000,"tid":106362, "type":"sell"},{"date":1420380201,"price":795.00000000,"amount":0.64000000,"tid":106363, "type":"sell"},{"date":1420380262,"price":795.00000000,"amount":0.36000000,"tid":106364, "type":"sell"},{"date":1420380319,"price":790.00000000,"amount":0.20000000,"tid":106365, "type":"sell"},{"date":1420380320,"price":790.00000000,"amount":1.00000000,"tid":106366, "type":"sell"},{"date":1420380414,"price":785.00000000,"amount":0.55525644,"tid":106367, "type":"sell"},{"date":1420380436,"price":785.00000000,"amount":0.44474356,"tid":106368, "type":"sell"},{"date":1420380527,"price":780.00001000,"amount":0.00900000,"tid":106369, "type":"buy"},{"date":1420380527,"price":784.99998000,"amount":0.36175797,"tid":106370, "type":"buy"},{"date":1420380568,"price":784.99996000,"amount":0.00900000,"tid":106371, "type":"buy"},{"date":1420380636,"price":780.00000000,"amount":0.20000000,"tid":106372, "type":"sell"},{"date":1420380636,"price":780.00000000,"amount":1.00000000,"tid":106373, "type":"sell"},{"date":1420380636,"price":780.00000000,"amount":0.02432272,"tid":106374, "type":"sell"},{"date":1420380699,"price":775.00000000,"amount":1.00000000,"tid":106375, "type":"sell"},{"date":1420380821,"price":770.00000000,"amount":0.20000000,"tid":106376, "type":"sell"},{"date":1420380821,"price":770.00000000,"amount":1.00000000,"tid":106377, "type":"sell"},{"date":1420380972,"price":765.10000000,"amount":0.56017575,"tid":106378, "type":"sell"},{"date":1420381002,"price":765.10001000,"amount":0.00900000,"tid":106379, "type":"buy"},{"date":1420381061,"price":765.10001000,"amount":0.00900000,"tid":106380, "type":"buy"},{"date":1420381061,"price":769.99999000,"amount":0.10581000,"tid":106381, "type":"buy"},{"date":1420381100,"price":785.02810000,"amount":0.01700000,"tid":106382, "type":"buy"},{"date":1420384119,"price":770.00000000,"amount":0.00900000,"tid":106383, "type":"buy"},{"date":1420384119,"price":785.10000000,"amount":0.01496644,"tid":106384, "type":"buy"},{"date":1420384337,"price":808.92605000,"amount":0.12732932,"tid":106385, "type":"buy"},{"date":1420384964,"price":790.12573000,"amount":0.05154894,"tid":106386, "type":"sell"},{"date":1420384964,"price":790.05633000,"amount":0.17262000,"tid":106387, "type":"sell"},{"date":1420384964,"price":790.00001000,"amount":0.02352000,"tid":106388, "type":"sell"},{"date":1420384964,"price":790.00000000,"amount":0.22423356,"tid":106389, "type":"sell"},{"date":1420384964,"price":770.23524000,"amount":0.02180460,"tid":106390, "type":"sell"},{"date":1420384964,"price":765.10000000,"amount":0.41282425,"tid":106391, "type":"sell"},{"date":1420384964,"price":765.00000000,"amount":1.00000000,"tid":106392, "type":"sell"},{"date":1420384965,"price":763.00000000,"amount":1.10553865,"tid":106393, "type":"sell"},{"date":1420385250,"price":784.90265000,"amount":0.26004499,"tid":106394, "type":"buy"},{"date":1420387864,"price":780.58038000,"amount":0.37279953,"tid":106395, "type":"buy"},{"date":1420388892,"price":782.33848000,"amount":0.31524685,"tid":106396, "type":"buy"},{"date":1420388892,"price":782.35825000,"amount":0.40000000,"tid":106397, "type":"buy"},{"date":1420388892,"price":782.50009000,"amount":0.29052000,"tid":106398, "type":"buy"},{"date":1420388892,"price":782.50012000,"amount":0.18110431,"tid":106399, "type":"buy"},{"date":1420388892,"price":783.04508000,"amount":0.01699827,"tid":106400, "type":"buy"},{"date":1420388892,"price":785.00010000,"amount":0.66378396,"tid":106401, "type":"buy"},{"date":1420390602,"price":782.95646000,"amount":0.23643513,"tid":106402, "type":"buy"},{"date":1420391429,"price":783.03087000,"amount":0.01189879,"tid":106403, "type":"buy"},{"date":1420391429,"price":785.00010000,"amount":0.23351604,"tid":106404, "type":"buy"},{"date":1420391490,"price":807.76959000,"amount":0.06189884,"tid":106405, "type":"buy"},{"date":1420392349,"price":790.00000000,"amount":0.00900000,"tid":106406, "type":"buy"},{"date":1420392653,"price":786.03099000,"amount":0.25635391,"tid":106407, "type":"sell"},{"date":1420393236,"price":786.00001000,"amount":0.00900000,"tid":106408, "type":"buy"},{"date":1420393236,"price":786.03099000,"amount":0.07001760,"tid":106409, "type":"buy"},{"date":1420393830,"price":786.03099000,"amount":0.02862849,"tid":106410, "type":"buy"},{"date":1420397445,"price":806.14043000,"amount":0.22574785,"tid":106411, "type":"buy"},{"date":1420397445,"price":806.20618000,"amount":0.01000000,"tid":106412, "type":"buy"},{"date":1420397451,"price":806.20618000,"amount":0.11425215,"tid":106413, "type":"sell"},{"date":1420397554,"price":808.93657000,"amount":0.04170000,"tid":106414, "type":"buy"},{"date":1420399383,"price":808.98387000,"amount":0.01236119,"tid":106415, "type":"buy"},{"date":1420401915,"price":786.04764000,"amount":0.03157000,"tid":106416, "type":"sell"},{"date":1420402077,"price":806.02310000,"amount":0.03000000,"tid":106417, "type":"buy"},{"date":1420402503,"price":806.02310000,"amount":0.01488791,"tid":106418, "type":"buy"},{"date":1420405450,"price":806.02310000,"amount":0.08234464,"tid":106419, "type":"buy"},{"date":1420405450,"price":806.04764000,"amount":0.01000000,"tid":106420, "type":"buy"},{"date":1420405450,"price":809.00000000,"amount":0.20000000,"tid":106421, "type":"buy"},{"date":1420405450,"price":820.00000000,"amount":0.10000000,"tid":106422, "type":"buy"},{"date":1420405450,"price":821.00001000,"amount":0.21000000,"tid":106423, "type":"buy"},{"date":1420405450,"price":821.00011000,"amount":0.00999000,"tid":106424, "type":"buy"},{"date":1420405451,"price":825.00002000,"amount":0.19800000,"tid":106425, "type":"buy"},{"date":1420405451,"price":825.00222000,"amount":0.20000000,"tid":106426, "type":"buy"},{"date":1420405451,"price":825.10000000,"amount":0.00999000,"tid":106427, "type":"buy"},{"date":1420405451,"price":825.99880000,"amount":0.17166230,"tid":106428, "type":"buy"},{"date":1420405460,"price":806.00290000,"amount":0.10329324,"tid":106429, "type":"buy"},{"date":1420407594,"price":825.99128000,"amount":0.07746993,"tid":106430, "type":"buy"},{"date":1420407739,"price":825.99128000,"amount":0.05573007,"tid":106431, "type":"sell"},{"date":1420407739,"price":816.07225000,"amount":0.29426993,"tid":106432, "type":"sell"},{"date":1420407793,"price":816.07225000,"amount":0.05000000,"tid":106433, "type":"sell"},{"date":1420408252,"price":825.99880000,"amount":0.06768775,"tid":106434, "type":"buy"},{"date":1420408926,"price":825.99880000,"amount":0.08388195,"tid":106435, "type":"buy"},{"date":1420408926,"price":825.99999000,"amount":0.19800000,"tid":106436, "type":"buy"},{"date":1420408926,"price":826.11111000,"amount":0.12222100,"tid":106437, "type":"buy"},{"date":1420408926,"price":826.12121000,"amount":0.12487100,"tid":106438, "type":"buy"},{"date":1420408926,"price":826.48254000,"amount":0.12222000,"tid":106439, "type":"buy"},{"date":1420408926,"price":826.88888000,"amount":0.04569000,"tid":106440, "type":"buy"},{"date":1420408926,"price":826.91000000,"amount":0.12697000,"tid":106441, "type":"buy"},{"date":1420408926,"price":840.00000000,"amount":0.00288440,"tid":106442, "type":"buy"},{"date":1420408972,"price":816.07225000,"amount":0.00656261,"tid":106443, "type":"sell"},{"date":1420409187,"price":815.99128000,"amount":0.00900000,"tid":106444, "type":"sell"},{"date":1420409187,"price":796.07225000,"amount":0.02932701,"tid":106445, "type":"sell"},{"date":1420409187,"price":786.03099000,"amount":0.01679299,"tid":106446, "type":"sell"},{"date":1420409238,"price":816.07225000,"amount":0.05340213,"tid":106447, "type":"buy"},{"date":1420409242,"price":816.07225000,"amount":0.03968526,"tid":106448, "type":"buy"},{"date":1420409242,"price":840.00000000,"amount":0.36777560,"tid":106449, "type":"buy"},{"date":1420409242,"price":853.87999000,"amount":0.17078800,"tid":106450, "type":"buy"},{"date":1420411052,"price":806.03099000,"amount":0.01110086,"tid":106451, "type":"buy"},{"date":1420412556,"price":786.03099000,"amount":0.26257852,"tid":106452, "type":"sell"},{"date":1420412556,"price":786.00000000,"amount":0.05458517,"tid":106453, "type":"sell"},{"date":1420412556,"price":782.95647000,"amount":0.30000000,"tid":106454, "type":"sell"},{"date":1420412556,"price":782.95646000,"amount":0.98283631,"tid":106455, "type":"sell"},{"date":1420415677,"price":806.03099000,"amount":0.01000000,"tid":106456, "type":"buy"},{"date":1420415677,"price":848.99999000,"amount":0.04480529,"tid":106457, "type":"buy"},{"date":1420417612,"price":802.96001000,"amount":0.01000000,"tid":106458, "type":"buy"},{"date":1420417743,"price":802.96002000,"amount":0.30000000,"tid":106459, "type":"sell"},{"date":1420417743,"price":802.96001000,"amount":0.70000000,"tid":106460, "type":"sell"},{"date":1420417918,"price":849.65000000,"amount":0.04138731,"tid":106461, "type":"sell"},{"date":1420417995,"price":849.65000000,"amount":0.05928905,"tid":106462, "type":"sell"},{"date":1420418014,"price":849.65000000,"amount":0.01332364,"tid":106463, "type":"sell"},{"date":1420418490,"price":802.96002000,"amount":0.03217000,"tid":106464, "type":"sell"},{"date":1420419098,"price":802.96002000,"amount":0.15464000,"tid":106465, "type":"sell"},{"date":1420419098,"price":802.96001000,"amount":0.34000000,"tid":106466, "type":"sell"},{"date":1420420713,"price":801.99999000,"amount":0.18624957,"tid":106467, "type":"buy"},{"date":1420420713,"price":802.00000000,"amount":0.00536000,"tid":106468, "type":"buy"},{"date":1420420713,"price":848.99999000,"amount":0.13651252,"tid":106469, "type":"buy"},{"date":1420423510,"price":806.00001000,"amount":0.02076438,"tid":106470, "type":"sell"},{"date":1420425032,"price":806.00042000,"amount":0.02071986,"tid":106471, "type":"sell"},{"date":1420439901,"price":786.01015000,"amount":0.26500000,"tid":106472, "type":"sell"},{"date":1420444410,"price":786.01015000,"amount":0.03500000,"tid":106473, "type":"sell"},{"date":1420444410,"price":786.01014000,"amount":0.09954441,"tid":106474, "type":"sell"},{"date":1420444669,"price":786.01016000,"amount":0.10277869,"tid":106475, "type":"sell"},{"date":1420455187,"price":804.99373000,"amount":0.02070209,"tid":106476, "type":"buy"},{"date":1420455189,"price":804.99374000,"amount":0.02065921,"tid":106477, "type":"sell"},{"date":1420457145,"price":805.00000000,"amount":0.25950000,"tid":106478, "type":"buy"},{"date":1420457253,"price":840.00000000,"amount":0.03500000,"tid":106479, "type":"buy"},{"date":1420458407,"price":805.10017000,"amount":0.08718433,"tid":106480, "type":"sell"},{"date":1420458505,"price":805.10000000,"amount":0.05887467,"tid":106481, "type":"sell"},{"date":1420458759,"price":805.02790000,"amount":0.01552795,"tid":106482, "type":"sell"},{"date":1420458948,"price":805.02789000,"amount":0.17950000,"tid":106483, "type":"buy"},{"date":1420459034,"price":805.02789000,"amount":0.12050000,"tid":106484, "type":"buy"},{"date":1420459034,"price":805.02790000,"amount":0.33750000,"tid":106485, "type":"buy"},{"date":1420459093,"price":805.02790000,"amount":0.20800000,"tid":106486, "type":"buy"},{"date":1420459477,"price":805.02790000,"amount":0.03637710,"tid":106487, "type":"buy"},{"date":1420459754,"price":805.02790000,"amount":0.04100000,"tid":106488, "type":"buy"},{"date":1420459808,"price":800.00001000,"amount":0.26874000,"tid":106489, "type":"sell"},{"date":1420459971,"price":800.00002000,"amount":0.18750000,"tid":106490, "type":"sell"},{"date":1420460253,"price":800.00002000,"amount":0.03784815,"tid":106491, "type":"buy"},{"date":1420460290,"price":800.00002000,"amount":0.02762914,"tid":106492, "type":"buy"},{"date":1420460395,"price":800.00002000,"amount":0.03784815,"tid":106493, "type":"buy"},{"date":1420460441,"price":800.00002000,"amount":0.03784818,"tid":106494, "type":"buy"},{"date":1420460466,"price":800.00001000,"amount":0.03126000,"tid":106495, "type":"sell"},{"date":1420460513,"price":800.00000000,"amount":0.37000000,"tid":106496, "type":"sell"},{"date":1420461620,"price":800.00000000,"amount":4.73104000,"tid":106497, "type":"sell"},{"date":1420462279,"price":839.49979000,"amount":0.08692278,"tid":106498, "type":"buy"},{"date":1420462279,"price":839.49980000,"amount":0.18693750,"tid":106499, "type":"buy"},{"date":1420462367,"price":839.49999000,"amount":0.04764741,"tid":106500, "type":"buy"},{"date":1420462423,"price":839.49999000,"amount":0.23004169,"tid":106501, "type":"buy"},{"date":1420462938,"price":839.50000000,"amount":0.11329363,"tid":106502, "type":"buy"},{"date":1420463181,"price":839.49991000,"amount":3.80613972,"tid":106503, "type":"sell"},{"date":1420463181,"price":819.49993000,"amount":0.02908020,"tid":106504, "type":"sell"},{"date":1420463381,"price":810.00004000,"amount":0.08981819,"tid":106505, "type":"sell"},{"date":1420463421,"price":810.00004000,"amount":0.07063181,"tid":106506, "type":"buy"},{"date":1420463728,"price":820.42269000,"amount":0.08954874,"tid":106507, "type":"buy"},{"date":1420463728,"price":820.80810000,"amount":0.45615126,"tid":106508, "type":"buy"},{"date":1420463806,"price":820.80810000,"amount":1.19200000,"tid":106509, "type":"buy"},{"date":1420464172,"price":822.58740000,"amount":0.01530369,"tid":106510, "type":"buy"},{"date":1420464192,"price":822.58740000,"amount":0.24030000,"tid":106511, "type":"buy"},{"date":1420464257,"price":820.77500000,"amount":0.11500000,"tid":106512, "type":"sell"},{"date":1420464257,"price":818.64260000,"amount":0.02511586,"tid":106513, "type":"buy"},{"date":1420464258,"price":818.64260000,"amount":0.08924177,"tid":106514, "type":"buy"},{"date":1420464295,"price":818.64260000,"amount":0.01911502,"tid":106515, "type":"buy"},{"date":1420464357,"price":830.00004000,"amount":0.08861708,"tid":106516, "type":"buy"},{"date":1420464357,"price":830.00005000,"amount":0.00784292,"tid":106517, "type":"buy"},{"date":1420464406,"price":818.41050000,"amount":0.05673773,"tid":106518, "type":"buy"},{"date":1420464695,"price":819.89920000,"amount":0.01533000,"tid":106519, "type":"buy"},{"date":1420464924,"price":821.76520000,"amount":0.11600000,"tid":106520, "type":"buy"},{"date":1420465980,"price":820.50430000,"amount":0.11587000,"tid":106521, "type":"buy"},{"date":1420466485,"price":820.00000000,"amount":0.17215854,"tid":106522, "type":"buy"},{"date":1420468569,"price":820.00000000,"amount":0.12220000,"tid":106523, "type":"buy"},{"date":1420468935,"price":819.99000000,"amount":0.33975609,"tid":106524, "type":"buy"},{"date":1420469570,"price":810.30001000,"amount":0.09073408,"tid":106525, "type":"sell"},{"date":1420469570,"price":810.20000000,"amount":1.87000000,"tid":106526, "type":"sell"},{"date":1420469570,"price":810.10001000,"amount":0.77699000,"tid":106527, "type":"sell"},{"date":1420469570,"price":810.00002000,"amount":0.62876000,"tid":106528, "type":"sell"},{"date":1420469570,"price":810.00000000,"amount":0.13351592,"tid":106529, "type":"sell"},{"date":1420469822,"price":810.00000000,"amount":0.38468161,"tid":106530, "type":"sell"},{"date":1420469822,"price":810.00000000,"amount":0.11531839,"tid":106531, "type":"sell"},{"date":1420472882,"price":813.60430000,"amount":2.40500000,"tid":106532, "type":"buy"},{"date":1420473002,"price":812.73980000,"amount":0.81000000,"tid":106533, "type":"buy"},{"date":1420473168,"price":810.00000000,"amount":0.00208161,"tid":106534, "type":"sell"},{"date":1420473283,"price":810.00000000,"amount":0.05691358,"tid":106535, "type":"buy"},{"date":1420473376,"price":810.00000000,"amount":1.20641000,"tid":106536, "type":"buy"},{"date":1420473588,"price":810.00000000,"amount":0.60141975,"tid":106537, "type":"buy"},{"date":1420474103,"price":810.00000000,"amount":0.11802469,"tid":106538, "type":"buy"},{"date":1420474390,"price":810.00000000,"amount":0.60056000,"tid":106539, "type":"buy"},{"date":1420475503,"price":810.00000000,"amount":0.36788889,"tid":106540, "type":"buy"},{"date":1420476048,"price":802.00012000,"amount":0.30000000,"tid":106541, "type":"sell"},{"date":1420476048,"price":802.00011000,"amount":0.21222000,"tid":106542, "type":"sell"},{"date":1420476048,"price":802.00011000,"amount":0.21222000,"tid":106543, "type":"sell"},{"date":1420476048,"price":801.24002000,"amount":0.27556000,"tid":106544, "type":"sell"},{"date":1420476096,"price":810.00000000,"amount":0.06480000,"tid":106545, "type":"buy"},{"date":1420476438,"price":810.00000000,"amount":0.98190148,"tid":106546, "type":"buy"},{"date":1420476438,"price":810.00000000,"amount":0.22409852,"tid":106547, "type":"buy"},{"date":1420476507,"price":810.00000000,"amount":0.19580148,"tid":106548, "type":"buy"},{"date":1420476507,"price":812.00000000,"amount":0.04501374,"tid":106549, "type":"buy"},{"date":1420476507,"price":818.59909000,"amount":0.30000000,"tid":106550, "type":"buy"},{"date":1420476507,"price":818.59910000,"amount":2.50000000,"tid":106551, "type":"buy"},{"date":1420476508,"price":819.98999000,"amount":0.54972887,"tid":106552, "type":"buy"},{"date":1420477276,"price":818.65148000,"amount":0.04900000,"tid":106553, "type":"buy"},{"date":1420477836,"price":817.48109000,"amount":0.09046188,"tid":106554, "type":"buy"},{"date":1420477836,"price":818.55533000,"amount":0.09250000,"tid":106555, "type":"buy"},{"date":1420477836,"price":818.65148000,"amount":0.04350000,"tid":106556, "type":"buy"},{"date":1420477836,"price":819.98998000,"amount":0.14223517,"tid":106557, "type":"buy"},{"date":1420478445,"price":819.93858000,"amount":0.06937500,"tid":106558, "type":"buy"},{"date":1420478699,"price":819.98998000,"amount":0.15776483,"tid":106559, "type":"buy"},{"date":1420478782,"price":819.98999000,"amount":0.07080000,"tid":106560, "type":"buy"},{"date":1420478890,"price":819.98999000,"amount":0.22920000,"tid":106561, "type":"buy"},{"date":1420478890,"price":819.98999000,"amount":0.48680874,"tid":106562, "type":"buy"},{"date":1420479853,"price":819.93858000,"amount":1.12062500,"tid":106563, "type":"sell"},{"date":1420480471,"price":810.00000000,"amount":0.35941975,"tid":106564, "type":"buy"},{"date":1420481357,"price":801.24004000,"amount":0.09201865,"tid":106565, "type":"sell"},{"date":1420481357,"price":801.24003000,"amount":0.30000000,"tid":106566, "type":"sell"},{"date":1420481357,"price":801.24002000,"amount":0.40798135,"tid":106567, "type":"sell"},{"date":1420482086,"price":801.24002000,"amount":0.05100000,"tid":106568, "type":"sell"},{"date":1420482177,"price":805.00000000,"amount":0.05793789,"tid":106569, "type":"buy"},{"date":1420482200,"price":801.24002000,"amount":0.24900000,"tid":106570, "type":"sell"},{"date":1420482200,"price":801.24001000,"amount":0.32125000,"tid":106571, "type":"sell"},{"date":1420482200,"price":801.21111000,"amount":0.12999800,"tid":106572, "type":"sell"},{"date":1420482201,"price":801.12211000,"amount":0.25111200,"tid":106573, "type":"sell"},{"date":1420482201,"price":801.00001000,"amount":0.04864000,"tid":106574, "type":"sell"},{"date":1420482947,"price":805.00000000,"amount":0.59998900,"tid":106575, "type":"buy"},{"date":1420483043,"price":805.00000000,"amount":1.22341311,"tid":106576, "type":"buy"},{"date":1420483043,"price":810.00000000,"amount":0.59555858,"tid":106577, "type":"buy"},{"date":1420483272,"price":809.99999000,"amount":0.09174259,"tid":106578, "type":"buy"},{"date":1420483272,"price":810.00000000,"amount":0.50964013,"tid":106579, "type":"buy"},{"date":1420483906,"price":801.00003000,"amount":0.06198566,"tid":106580, "type":"buy"},{"date":1420484394,"price":801.00003000,"amount":4.36351434,"tid":106581, "type":"buy"},{"date":1420484619,"price":801.00006000,"amount":0.09249507,"tid":106582, "type":"sell"},{"date":1420484619,"price":801.00005000,"amount":0.30000000,"tid":106583, "type":"sell"},{"date":1420484619,"price":801.00004000,"amount":0.60000000,"tid":106584, "type":"sell"},{"date":1420484619,"price":801.00003000,"amount":1.75008566,"tid":106585, "type":"sell"},{"date":1420484619,"price":801.00002000,"amount":0.05240000,"tid":106586, "type":"sell"},{"date":1420484619,"price":801.00000000,"amount":0.81250935,"tid":106587, "type":"sell"},{"date":1420484619,"price":800.00001000,"amount":0.11455000,"tid":106588, "type":"sell"},{"date":1420484619,"price":800.00000000,"amount":4.77795992,"tid":106589, "type":"sell"},{"date":1420485031,"price":809.61895000,"amount":0.09221758,"tid":106590, "type":"buy"},{"date":1420485031,"price":809.99999000,"amount":0.26825790,"tid":106591, "type":"buy"},{"date":1420485035,"price":809.99999000,"amount":0.03174210,"tid":106592, "type":"buy"},{"date":1420485035,"price":810.00000000,"amount":0.57072704,"tid":106593, "type":"buy"},{"date":1420485186,"price":804.99999000,"amount":0.30000000,"tid":106594, "type":"buy"},{"date":1420485186,"price":805.00000000,"amount":0.08874535,"tid":106595, "type":"buy"},{"date":1420486270,"price":800.00000000,"amount":0.16340008,"tid":106596, "type":"sell"},{"date":1420486270,"price":800.00000000,"amount":0.12500000,"tid":106597, "type":"sell"},{"date":1420486574,"price":797.91339000,"amount":0.21840716,"tid":106598, "type":"buy"},{"date":1420487949,"price":804.92836000,"amount":0.05203125,"tid":106599, "type":"buy"},{"date":1420487949,"price":804.99999000,"amount":0.30000000,"tid":106600, "type":"buy"},{"date":1420487949,"price":805.00000000,"amount":1.83229637,"tid":106601, "type":"buy"},{"date":1420488107,"price":803.96553000,"amount":0.03902344,"tid":106602, "type":"buy"},{"date":1420488137,"price":804.00000000,"amount":0.06500000,"tid":106603, "type":"buy"},{"date":1420488158,"price":803.96553000,"amount":0.20107656,"tid":106604, "type":"sell"},{"date":1420488195,"price":793.57799000,"amount":0.17672000,"tid":106605, "type":"sell"},{"date":1420488220,"price":793.57800000,"amount":0.09379937,"tid":106606, "type":"sell"},{"date":1420488704,"price":793.57800000,"amount":2.16012200,"tid":106607, "type":"buy"},{"date":1420489200,"price":793.57800000,"amount":0.07167537,"tid":106608, "type":"buy"},{"date":1420489245,"price":793.57800000,"amount":0.18170000,"tid":106609, "type":"buy"},{"date":1420489641,"price":793.57800000,"amount":0.01260116,"tid":106610, "type":"buy"},{"date":1420490166,"price":793.57800000,"amount":0.01512139,"tid":106611, "type":"buy"},{"date":1420490483,"price":793.57800000,"amount":0.76998071,"tid":106612, "type":"buy"},{"date":1420490567,"price":794.00001000,"amount":0.30000000,"tid":106613, "type":"sell"},{"date":1420490567,"price":794.00000000,"amount":1.08301929,"tid":106614, "type":"sell"},{"date":1420490567,"price":793.57798000,"amount":0.60000000,"tid":106615, "type":"sell"},{"date":1420490567,"price":793.57797000,"amount":0.37970685,"tid":106616, "type":"sell"},{"date":1420490567,"price":793.57002000,"amount":0.05416000,"tid":106617, "type":"sell"},{"date":1420490567,"price":793.57000000,"amount":0.58311386,"tid":106618, "type":"sell"},{"date":1420491771,"price":799.99997000,"amount":0.09351797,"tid":106619, "type":"buy"},{"date":1420492014,"price":800.00000000,"amount":0.05760000,"tid":106620, "type":"buy"},{"date":1420492378,"price":800.00000000,"amount":0.48640000,"tid":106621, "type":"buy"},{"date":1420492876,"price":799.99998000,"amount":0.12501250,"tid":106622, "type":"buy"},{"date":1420493081,"price":799.99997000,"amount":0.00948203,"tid":106623, "type":"sell"},{"date":1420493656,"price":798.99999000,"amount":0.30000000,"tid":106624, "type":"buy"},{"date":1420493656,"price":799.00000000,"amount":0.06436796,"tid":106625, "type":"buy"},{"date":1420493928,"price":799.00000000,"amount":0.05769712,"tid":106626, "type":"buy"},{"date":1420494383,"price":799.00000000,"amount":0.05893799,"tid":106627, "type":"buy"},{"date":1420494461,"price":799.00000000,"amount":2.45056320,"tid":106628, "type":"buy"},{"date":1420494484,"price":799.00000000,"amount":0.23779725,"tid":106629, "type":"buy"},{"date":1420494740,"price":798.99999000,"amount":0.30000000,"tid":106630, "type":"buy"},{"date":1420494740,"price":799.00000000,"amount":0.41300000,"tid":106631, "type":"buy"},{"date":1420495641,"price":793.57000000,"amount":0.42393549,"tid":106632, "type":"sell"},{"date":1420495641,"price":790.00005000,"amount":0.02111627,"tid":106633, "type":"sell"},{"date":1420495641,"price":787.00001000,"amount":0.16840824,"tid":106634, "type":"sell"},{"date":1420495845,"price":798.97861000,"amount":0.09250000,"tid":106635, "type":"buy"},{"date":1420495845,"price":798.99999000,"amount":0.30000000,"tid":106636, "type":"buy"},{"date":1420495845,"price":799.00000000,"amount":2.05433602,"tid":106637, "type":"buy"},{"date":1420495983,"price":798.93182000,"amount":0.04532302,"tid":106638, "type":"buy"},{"date":1420496616,"price":798.99999000,"amount":0.30000000,"tid":106639, "type":"buy"},{"date":1420496645,"price":798.90421000,"amount":0.05804000,"tid":106640, "type":"buy"},{"date":1420496728,"price":798.90421000,"amount":0.00000424,"tid":106641, "type":"buy"},{"date":1420496728,"price":799.00000000,"amount":0.41381576,"tid":106642, "type":"buy"},{"date":1420496748,"price":798.92938000,"amount":0.04353318,"tid":106643, "type":"buy"},{"date":1420496749,"price":799.00000000,"amount":0.00000267,"tid":106644, "type":"buy"},{"date":1420496749,"price":799.99997000,"amount":0.55646415,"tid":106645, "type":"buy"},{"date":1420496791,"price":799.93009000,"amount":0.03264989,"tid":106646, "type":"buy"},{"date":1420496791,"price":799.99996000,"amount":0.30000000,"tid":106647, "type":"buy"},{"date":1420496791,"price":799.99997000,"amount":0.06735011,"tid":106648, "type":"buy"},{"date":1420496843,"price":799.99408000,"amount":0.02448742,"tid":106649, "type":"buy"},{"date":1420496843,"price":799.99997000,"amount":0.04741258,"tid":106650, "type":"buy"},{"date":1420497962,"price":799.99997000,"amount":0.06250000,"tid":106651, "type":"buy"},{"date":1420500458,"price":799.99997000,"amount":0.12500000,"tid":106652, "type":"buy"},{"date":1420500730,"price":799.99997000,"amount":0.12886000,"tid":106653, "type":"buy"},{"date":1420500730,"price":799.99998000,"amount":0.47989002,"tid":106654, "type":"buy"},{"date":1420501715,"price":799.99998000,"amount":0.39209748,"tid":106655, "type":"buy"},{"date":1420501715,"price":800.00000000,"amount":2.20790252,"tid":106656, "type":"buy"},{"date":1420503028,"price":800.00000000,"amount":0.09212748,"tid":106657, "type":"buy"},{"date":1420503029,"price":800.00000000,"amount":0.02687252,"tid":106658, "type":"buy"},{"date":1420507145,"price":800.00000000,"amount":0.00960000,"tid":106659, "type":"buy"},{"date":1420507962,"price":800.00000000,"amount":0.51235000,"tid":106660, "type":"buy"},{"date":1420508306,"price":800.00000000,"amount":0.06000000,"tid":106661, "type":"buy"},{"date":1420509508,"price":790.50541000,"amount":0.09435727,"tid":106662, "type":"sell"},{"date":1420509508,"price":790.00000000,"amount":0.05078481,"tid":106663, "type":"sell"},{"date":1420509508,"price":788.00001000,"amount":0.30000000,"tid":106664, "type":"sell"},{"date":1420509508,"price":788.00000000,"amount":0.13380792,"tid":106665, "type":"sell"},{"date":1420510288,"price":788.00002000,"amount":0.09099000,"tid":106666, "type":"sell"},{"date":1420515639,"price":797.52836000,"amount":0.06000000,"tid":106667, "type":"buy"},{"date":1420522049,"price":797.51515000,"amount":0.03407420,"tid":106668, "type":"buy"},{"date":1420527549,"price":798.99999000,"amount":0.12105132,"tid":106669, "type":"buy"},{"date":1420530994,"price":797.51515000,"amount":0.10592580,"tid":106670, "type":"sell"},{"date":1420531114,"price":798.93243000,"amount":0.01836556,"tid":106671, "type":"buy"},{"date":1420531134,"price":798.97860000,"amount":0.01377417,"tid":106672, "type":"buy"},{"date":1420531134,"price":798.99999000,"amount":0.02535325,"tid":106673, "type":"buy"},{"date":1420537429,"price":798.99999000,"amount":0.24342000,"tid":106674, "type":"buy"},{"date":1420537668,"price":798.90090000,"amount":0.01033063,"tid":106675, "type":"buy"},{"date":1420537668,"price":799.00000000,"amount":1.41000000,"tid":106676, "type":"buy"},{"date":1420537668,"price":800.00000000,"amount":3.36117748,"tid":106677, "type":"buy"},{"date":1420539258,"price":800.00000000,"amount":0.53446000,"tid":106678, "type":"sell"},{"date":1420539628,"price":804.00000000,"amount":0.04240000,"tid":106679, "type":"buy"},{"date":1420539629,"price":805.00000000,"amount":2.44212472,"tid":106680, "type":"buy"},{"date":1420539642,"price":805.00000000,"amount":1.11801242,"tid":106681, "type":"buy"},{"date":1420539656,"price":805.00000000,"amount":0.13406393,"tid":106682, "type":"buy"},{"date":1420539656,"price":808.71030000,"amount":0.01443149,"tid":106683, "type":"buy"},{"date":1420539656,"price":819.00000000,"amount":0.15930000,"tid":106684, "type":"buy"},{"date":1420539656,"price":819.99999000,"amount":0.91456214,"tid":106685, "type":"buy"},{"date":1420539672,"price":800.02699000,"amount":0.09349849,"tid":106686, "type":"sell"},{"date":1420539672,"price":800.02698000,"amount":0.39690413,"tid":106687, "type":"sell"},{"date":1420539672,"price":800.00000000,"amount":0.13023189,"tid":106688, "type":"sell"},{"date":1420539672,"price":788.02000000,"amount":1.74436549,"tid":106689, "type":"sell"},{"date":1420539703,"price":819.96905000,"amount":0.01780555,"tid":106690, "type":"buy"},{"date":1420540698,"price":806.92456000,"amount":0.05713050,"tid":106691, "type":"buy"},{"date":1420543141,"price":804.84651000,"amount":0.10667633,"tid":106692, "type":"buy"},{"date":1420543141,"price":804.91493000,"amount":0.01828194,"tid":106693, "type":"buy"},{"date":1420543141,"price":808.32844000,"amount":0.01010204,"tid":106694, "type":"buy"},{"date":1420543141,"price":819.99999000,"amount":0.08543786,"tid":106695, "type":"buy"},{"date":1420543142,"price":820.00000000,"amount":1.57128257,"tid":106696, "type":"buy"},{"date":1420543621,"price":819.96142000,"amount":0.08000724,"tid":106697, "type":"buy"},{"date":1420543621,"price":820.00000000,"amount":0.00350872,"tid":106698, "type":"buy"},{"date":1420543849,"price":812.62883000,"amount":0.01000000,"tid":106699, "type":"buy"},{"date":1420543849,"price":819.98315000,"amount":0.06000543,"tid":106700, "type":"buy"},{"date":1420543854,"price":819.98315000,"amount":0.04500408,"tid":106701, "type":"sell"},{"date":1420543970,"price":820.00000000,"amount":0.47400000,"tid":106702, "type":"buy"},{"date":1420545460,"price":820.00000000,"amount":0.15184146,"tid":106703, "type":"buy"},{"date":1420545684,"price":820.00000000,"amount":0.50500871,"tid":106704, "type":"buy"},{"date":1420546004,"price":822.00000000,"amount":0.12200000,"tid":106705, "type":"buy"},{"date":1420546227,"price":822.00000000,"amount":0.11570560,"tid":106706, "type":"buy"},{"date":1420546308,"price":822.00000000,"amount":0.10400000,"tid":106707, "type":"buy"},{"date":1420549958,"price":820.00000000,"amount":0.06000000,"tid":106708, "type":"sell"},{"date":1420550031,"price":822.00000000,"amount":0.45829440,"tid":106709, "type":"buy"},{"date":1420550031,"price":824.11110000,"amount":0.14959391,"tid":106710, "type":"buy"},{"date":1420550174,"price":824.11110000,"amount":0.59106108,"tid":106711, "type":"buy"},{"date":1420551497,"price":824.11110000,"amount":0.23589000,"tid":106712, "type":"buy"},{"date":1420552035,"price":820.00000000,"amount":0.18499129,"tid":106713, "type":"sell"},{"date":1420552036,"price":819.98315000,"amount":0.11317871,"tid":106714, "type":"sell"},{"date":1420553070,"price":820.00000000,"amount":0.51665000,"tid":106715, "type":"buy"},{"date":1420553454,"price":824.11110000,"amount":0.23433734,"tid":106716, "type":"buy"},{"date":1420554006,"price":824.11110000,"amount":0.02673767,"tid":106717, "type":"buy"},{"date":1420554182,"price":824.11111000,"amount":0.30000000,"tid":106718, "type":"sell"},{"date":1420554182,"price":824.11110000,"amount":0.40986233,"tid":106719, "type":"sell"},{"date":1420554182,"price":820.00001000,"amount":0.09446767,"tid":106720, "type":"sell"},{"date":1420554357,"price":824.50000000,"amount":0.03317030,"tid":106721, "type":"buy"},{"date":1420554445,"price":824.50000000,"amount":0.59369970,"tid":106722, "type":"buy"},{"date":1420554466,"price":824.54145000,"amount":0.09118906,"tid":106723, "type":"sell"},{"date":1420554849,"price":820.13943000,"amount":0.15539000,"tid":106724, "type":"sell"},{"date":1420554849,"price":820.13942000,"amount":0.30000000,"tid":106725, "type":"sell"},{"date":1420554849,"price":820.01359000,"amount":0.36258105,"tid":106726, "type":"sell"},{"date":1420554849,"price":820.00001000,"amount":0.60000000,"tid":106727, "type":"sell"},{"date":1420554849,"price":820.00000000,"amount":0.68215000,"tid":106728, "type":"sell"},{"date":1420554849,"price":819.98315000,"amount":0.24181178,"tid":106729, "type":"sell"},{"date":1420554849,"price":800.01221000,"amount":0.23987600,"tid":106730, "type":"sell"},{"date":1420554849,"price":800.00111000,"amount":0.01211100,"tid":106731, "type":"sell"},{"date":1420554849,"price":800.00004000,"amount":0.46903000,"tid":106732, "type":"sell"},{"date":1420554849,"price":800.00003000,"amount":0.23121200,"tid":106733, "type":"sell"},{"date":1420554849,"price":800.00002000,"amount":0.38768900,"tid":106734, "type":"sell"},{"date":1420554850,"price":800.00000000,"amount":0.36300000,"tid":106735, "type":"sell"},{"date":1420554850,"price":799.98315000,"amount":0.02748564,"tid":106736, "type":"sell"},{"date":1420554850,"price":793.99000000,"amount":1.48420353,"tid":106737, "type":"sell"},{"date":1420554949,"price":794.07668000,"amount":0.28084247,"tid":106738, "type":"sell"},{"date":1420554981,"price":793.99999000,"amount":0.12222200,"tid":106739, "type":"sell"},{"date":1420555010,"price":793.99998000,"amount":0.01221200,"tid":106740, "type":"buy"},{"date":1420555070,"price":793.99998000,"amount":0.02048983,"tid":106741, "type":"buy"},{"date":1420555070,"price":793.99998000,"amount":0.00990000,"tid":106742, "type":"sell"},{"date":1420555241,"price":828.09619000,"amount":0.20197000,"tid":106743, "type":"sell"},{"date":1420555292,"price":838.74883000,"amount":0.19412637,"tid":106744, "type":"buy"},{"date":1420555292,"price":838.77943000,"amount":0.09091549,"tid":106745, "type":"buy"},{"date":1420555292,"price":838.99999000,"amount":0.06213193,"tid":106746, "type":"buy"},{"date":1420555312,"price":828.09619000,"amount":0.00000282,"tid":106747, "type":"sell"},{"date":1420555338,"price":828.09619000,"amount":0.03021718,"tid":106748, "type":"buy"},{"date":1420555388,"price":828.23799000,"amount":0.19287876,"tid":106749, "type":"sell"},{"date":1420555429,"price":828.24854000,"amount":0.09179523,"tid":106750, "type":"sell"},{"date":1420555457,"price":828.13494000,"amount":0.14468235,"tid":106751, "type":"sell"},{"date":1420555457,"price":828.09619000,"amount":0.75531765,"tid":106752, "type":"sell"},{"date":1420555487,"price":838.89198000,"amount":0.28757502,"tid":106753, "type":"buy"},{"date":1420555487,"price":838.92132000,"amount":0.09151984,"tid":106754, "type":"buy"},{"date":1420555488,"price":839.00000000,"amount":0.40000000,"tid":106755, "type":"buy"},{"date":1420555488,"price":839.49000000,"amount":0.38490514,"tid":106756, "type":"buy"},{"date":1420555799,"price":828.09619000,"amount":0.15000000,"tid":106757, "type":"sell"},{"date":1420555799,"price":808.00000000,"amount":0.01904905,"tid":106758, "type":"sell"},{"date":1420555837,"price":805.91761000,"amount":0.21568000,"tid":106759, "type":"buy"},{"date":1420556076,"price":805.99915000,"amount":0.16176000,"tid":106760, "type":"buy"},{"date":1420556173,"price":805.91510000,"amount":0.12132127,"tid":106761, "type":"buy"},{"date":1420556233,"price":805.96928000,"amount":0.09099095,"tid":106762, "type":"buy"},{"date":1420556238,"price":805.96928000,"amount":0.00000905,"tid":106763, "type":"sell"},{"date":1420556263,"price":805.93603000,"amount":0.06823416,"tid":106764, "type":"buy"},{"date":1420556494,"price":828.04485000,"amount":0.09244380,"tid":106765, "type":"sell"},{"date":1420556494,"price":828.04484000,"amount":0.24834620,"tid":106766, "type":"sell"},{"date":1420556535,"price":828.04484000,"amount":0.09243452,"tid":106767, "type":"sell"},{"date":1420556535,"price":828.04484000,"amount":0.34078072,"tid":106768, "type":"sell"},{"date":1420556601,"price":828.06375000,"amount":0.25558000,"tid":106769, "type":"sell"}]